%YAML 1.1
%TAG !u! tag:unity3d.com,2011:
--- !u!29 &1
OcclusionCullingSettings:
  m_ObjectHideFlags: 0
  serializedVersion: 2
  m_OcclusionBakeSettings:
    smallestOccluder: 5
    smallestHole: 0.25
    backfaceThreshold: 100
  m_SceneGUID: 00000000000000000000000000000000
  m_OcclusionCullingData: {fileID: 0}
--- !u!104 &2
RenderSettings:
  m_ObjectHideFlags: 0
  serializedVersion: 9
  m_Fog: 0
  m_FogColor: {r: 0.5, g: 0.5, b: 0.5, a: 1}
  m_FogMode: 3
  m_FogDensity: 0.01
  m_LinearFogStart: 0
  m_LinearFogEnd: 300
  m_AmbientSkyColor: {r: 0.212, g: 0.227, b: 0.259, a: 1}
  m_AmbientEquatorColor: {r: 0.114, g: 0.125, b: 0.133, a: 1}
  m_AmbientGroundColor: {r: 0.047, g: 0.043, b: 0.035, a: 1}
  m_AmbientIntensity: 1
  m_AmbientMode: 0
  m_SubtractiveShadowColor: {r: 0.42, g: 0.478, b: 0.627, a: 1}
  m_SkyboxMaterial: {fileID: 10304, guid: 0000000000000000f000000000000000, type: 0}
  m_HaloStrength: 0.5
  m_FlareStrength: 1
  m_FlareFadeSpeed: 3
  m_HaloTexture: {fileID: 0}
  m_SpotCookie: {fileID: 10001, guid: 0000000000000000e000000000000000, type: 0}
  m_DefaultReflectionMode: 0
  m_DefaultReflectionResolution: 128
  m_ReflectionBounces: 1
  m_ReflectionIntensity: 1
  m_CustomReflection: {fileID: 0}
  m_Sun: {fileID: 0}
  m_IndirectSpecularColor: {r: 0, g: 0, b: 0, a: 1}
  m_UseRadianceAmbientProbe: 0
--- !u!157 &3
LightmapSettings:
  m_ObjectHideFlags: 0
  serializedVersion: 11
  m_GIWorkflowMode: 1
  m_GISettings:
    serializedVersion: 2
    m_BounceScale: 1
    m_IndirectOutputScale: 1
    m_AlbedoBoost: 1
    m_EnvironmentLightingMode: 0
    m_EnableBakedLightmaps: 1
    m_EnableRealtimeLightmaps: 0
  m_LightmapEditorSettings:
    serializedVersion: 12
    m_Resolution: 2
    m_BakeResolution: 40
    m_AtlasSize: 1024
    m_AO: 0
    m_AOMaxDistance: 1
    m_CompAOExponent: 1
    m_CompAOExponentDirect: 0
    m_ExtractAmbientOcclusion: 0
    m_Padding: 2
    m_LightmapParameters: {fileID: 0}
    m_LightmapsBakeMode: 1
    m_TextureCompression: 1
    m_FinalGather: 0
    m_FinalGatherFiltering: 1
    m_FinalGatherRayCount: 256
    m_ReflectionCompression: 2
    m_MixedBakeMode: 2
    m_BakeBackend: 1
    m_PVRSampling: 1
    m_PVRDirectSampleCount: 32
    m_PVRSampleCount: 512
    m_PVRBounces: 2
    m_PVREnvironmentSampleCount: 256
    m_PVREnvironmentReferencePointCount: 2048
    m_PVRFilteringMode: 1
    m_PVRDenoiserTypeDirect: 1
    m_PVRDenoiserTypeIndirect: 1
    m_PVRDenoiserTypeAO: 1
    m_PVRFilterTypeDirect: 0
    m_PVRFilterTypeIndirect: 0
    m_PVRFilterTypeAO: 0
    m_PVREnvironmentMIS: 1
    m_PVRCulling: 1
    m_PVRFilteringGaussRadiusDirect: 1
    m_PVRFilteringGaussRadiusIndirect: 5
    m_PVRFilteringGaussRadiusAO: 2
    m_PVRFilteringAtrousPositionSigmaDirect: 0.5
    m_PVRFilteringAtrousPositionSigmaIndirect: 2
    m_PVRFilteringAtrousPositionSigmaAO: 1
    m_ExportTrainingData: 0
    m_TrainingDataDestination: TrainingData
    m_LightProbeSampleCountMultiplier: 4
  m_LightingDataAsset: {fileID: 0}
  m_UseShadowmask: 1
--- !u!196 &4
NavMeshSettings:
  serializedVersion: 2
  m_ObjectHideFlags: 0
  m_BuildSettings:
    serializedVersion: 2
    agentTypeID: 0
    agentRadius: 0.5
    agentHeight: 2
    agentSlope: 45
    agentClimb: 0.4
    ledgeDropHeight: 0
    maxJumpAcrossDistance: 0
    minRegionArea: 2
    manualCellSize: 0
    cellSize: 0.16666667
    manualTileSize: 0
    tileSize: 256
    accuratePlacement: 0
    debug:
      m_Flags: 0
  m_NavMeshData: {fileID: 0}
--- !u!1001 &149609643
PrefabInstance:
  m_ObjectHideFlags: 0
  serializedVersion: 2
  m_Modification:
    m_TransformParent: {fileID: 0}
    m_Modifications:
    - target: {fileID: 1564593199772958454, guid: 67df43c44de8aa0408d7ae445799ceb7,
        type: 3}
      propertyPath: m_Name
      value: House
      objectReference: {fileID: 0}
    - target: {fileID: 1564593199772958455, guid: 67df43c44de8aa0408d7ae445799ceb7,
        type: 3}
      propertyPath: m_LocalPosition.x
      value: 20.7
      objectReference: {fileID: 0}
    - target: {fileID: 1564593199772958455, guid: 67df43c44de8aa0408d7ae445799ceb7,
        type: 3}
      propertyPath: m_LocalPosition.y
      value: 6.6
      objectReference: {fileID: 0}
    - target: {fileID: 1564593199772958455, guid: 67df43c44de8aa0408d7ae445799ceb7,
        type: 3}
      propertyPath: m_LocalPosition.z
      value: -55.1
      objectReference: {fileID: 0}
    - target: {fileID: 1564593199772958455, guid: 67df43c44de8aa0408d7ae445799ceb7,
        type: 3}
      propertyPath: m_LocalRotation.x
      value: -0
      objectReference: {fileID: 0}
    - target: {fileID: 1564593199772958455, guid: 67df43c44de8aa0408d7ae445799ceb7,
        type: 3}
      propertyPath: m_LocalRotation.y
      value: 0.96025074
      objectReference: {fileID: 0}
    - target: {fileID: 1564593199772958455, guid: 67df43c44de8aa0408d7ae445799ceb7,
        type: 3}
      propertyPath: m_LocalRotation.z
      value: -0
      objectReference: {fileID: 0}
    - target: {fileID: 1564593199772958455, guid: 67df43c44de8aa0408d7ae445799ceb7,
        type: 3}
      propertyPath: m_LocalRotation.w
      value: 0.27913898
      objectReference: {fileID: 0}
    - target: {fileID: 1564593199772958455, guid: 67df43c44de8aa0408d7ae445799ceb7,
        type: 3}
      propertyPath: m_RootOrder
      value: 1
      objectReference: {fileID: 0}
    - target: {fileID: 1564593199772958455, guid: 67df43c44de8aa0408d7ae445799ceb7,
        type: 3}
      propertyPath: m_LocalEulerAnglesHint.x
      value: 0
      objectReference: {fileID: 0}
    - target: {fileID: 1564593199772958455, guid: 67df43c44de8aa0408d7ae445799ceb7,
        type: 3}
      propertyPath: m_LocalEulerAnglesHint.y
      value: 147.582
      objectReference: {fileID: 0}
    - target: {fileID: 1564593199772958455, guid: 67df43c44de8aa0408d7ae445799ceb7,
        type: 3}
      propertyPath: m_LocalEulerAnglesHint.z
      value: 0
      objectReference: {fileID: 0}
    - target: {fileID: 1564593199772958455, guid: 67df43c44de8aa0408d7ae445799ceb7,
        type: 3}
      propertyPath: m_LocalScale.x
      value: 7.5536
      objectReference: {fileID: 0}
    - target: {fileID: 1564593199772958455, guid: 67df43c44de8aa0408d7ae445799ceb7,
        type: 3}
      propertyPath: m_LocalScale.y
      value: 7.5536
      objectReference: {fileID: 0}
    - target: {fileID: 1564593199772958455, guid: 67df43c44de8aa0408d7ae445799ceb7,
        type: 3}
      propertyPath: m_LocalScale.z
      value: 7.5536
      objectReference: {fileID: 0}
    m_RemovedComponents: []
  m_SourcePrefab: {fileID: 100100000, guid: 67df43c44de8aa0408d7ae445799ceb7, type: 3}
--- !u!1 &153777633
GameObject:
  m_ObjectHideFlags: 0
  m_CorrespondingSourceObject: {fileID: 0}
  m_PrefabInstance: {fileID: 0}
  m_PrefabAsset: {fileID: 0}
  serializedVersion: 6
  m_Component:
  - component: {fileID: 153777635}
  - component: {fileID: 153777634}
  m_Layer: 0
  m_Name: BGMAudio
  m_TagString: Untagged
  m_Icon: {fileID: 0}
  m_NavMeshLayer: 0
  m_StaticEditorFlags: 0
  m_IsActive: 1
--- !u!82 &153777634
AudioSource:
  m_ObjectHideFlags: 0
  m_CorrespondingSourceObject: {fileID: 0}
  m_PrefabInstance: {fileID: 0}
  m_PrefabAsset: {fileID: 0}
  m_GameObject: {fileID: 153777633}
  m_Enabled: 1
  serializedVersion: 4
  OutputAudioMixerGroup: {fileID: 0}
  m_audioClip: {fileID: 8300000, guid: 412becb965ac08047ad333a58fc275c9, type: 3}
  m_PlayOnAwake: 1
  m_Volume: 1
  m_Pitch: 1
  Loop: 1
  Mute: 0
  Spatialize: 0
  SpatializePostEffects: 0
  Priority: 128
  DopplerLevel: 1
  MinDistance: 1
  MaxDistance: 500
  Pan2D: 0
  rolloffMode: 0
  BypassEffects: 0
  BypassListenerEffects: 0
  BypassReverbZones: 0
  rolloffCustomCurve:
    serializedVersion: 2
    m_Curve:
    - serializedVersion: 3
      time: 0
      value: 1
      inSlope: 0
      outSlope: 0
      tangentMode: 0
      weightedMode: 0
      inWeight: 0.33333334
      outWeight: 0.33333334
    - serializedVersion: 3
      time: 1
      value: 0
      inSlope: 0
      outSlope: 0
      tangentMode: 0
      weightedMode: 0
      inWeight: 0.33333334
      outWeight: 0.33333334
    m_PreInfinity: 2
    m_PostInfinity: 2
    m_RotationOrder: 4
  panLevelCustomCurve:
    serializedVersion: 2
    m_Curve:
    - serializedVersion: 3
      time: 0
      value: 0
      inSlope: 0
      outSlope: 0
      tangentMode: 0
      weightedMode: 0
      inWeight: 0.33333334
      outWeight: 0.33333334
    m_PreInfinity: 2
    m_PostInfinity: 2
    m_RotationOrder: 4
  spreadCustomCurve:
    serializedVersion: 2
    m_Curve:
    - serializedVersion: 3
      time: 0
      value: 0
      inSlope: 0
      outSlope: 0
      tangentMode: 0
      weightedMode: 0
      inWeight: 0.33333334
      outWeight: 0.33333334
    m_PreInfinity: 2
    m_PostInfinity: 2
    m_RotationOrder: 4
  reverbZoneMixCustomCurve:
    serializedVersion: 2
    m_Curve:
    - serializedVersion: 3
      time: 0
      value: 1
      inSlope: 0
      outSlope: 0
      tangentMode: 0
      weightedMode: 0
      inWeight: 0.33333334
      outWeight: 0.33333334
    m_PreInfinity: 2
    m_PostInfinity: 2
    m_RotationOrder: 4
--- !u!4 &153777635
Transform:
  m_ObjectHideFlags: 0
  m_CorrespondingSourceObject: {fileID: 0}
  m_PrefabInstance: {fileID: 0}
  m_PrefabAsset: {fileID: 0}
  m_GameObject: {fileID: 153777633}
  m_LocalRotation: {x: 0, y: 0, z: 0, w: 1}
  m_LocalPosition: {x: 534.15247, y: 284.0703, z: -149.77483}
  m_LocalScale: {x: 1, y: 1, z: 1}
  m_Children: []
  m_Father: {fileID: 0}
  m_RootOrder: 15
  m_LocalEulerAnglesHint: {x: 0, y: 0, z: 0}
--- !u!1 &209888532
GameObject:
  m_ObjectHideFlags: 0
  m_CorrespondingSourceObject: {fileID: 0}
  m_PrefabInstance: {fileID: 0}
  m_PrefabAsset: {fileID: 0}
  serializedVersion: 6
  m_Component:
  - component: {fileID: 209888533}
  - component: {fileID: 209888536}
  - component: {fileID: 209888535}
  - component: {fileID: 209888534}
  m_Layer: 5
  m_Name: TopPanel
  m_TagString: Untagged
  m_Icon: {fileID: 0}
  m_NavMeshLayer: 0
  m_StaticEditorFlags: 0
  m_IsActive: 1
--- !u!224 &209888533
RectTransform:
  m_ObjectHideFlags: 0
  m_CorrespondingSourceObject: {fileID: 0}
  m_PrefabInstance: {fileID: 0}
  m_PrefabAsset: {fileID: 0}
  m_GameObject: {fileID: 209888532}
  m_LocalRotation: {x: 0, y: 0, z: 0, w: 1}
  m_LocalPosition: {x: 0, y: 0, z: 0}
  m_LocalScale: {x: 1, y: 1, z: 1}
  m_Children:
  - {fileID: 849717093}
  m_Father: {fileID: 531961081}
  m_RootOrder: 0
  m_LocalEulerAnglesHint: {x: 0, y: 0, z: 0}
  m_AnchorMin: {x: 0, y: 0}
  m_AnchorMax: {x: 0, y: 0}
  m_AnchoredPosition: {x: 0, y: 0}
  m_SizeDelta: {x: 991, y: 200}
  m_Pivot: {x: 0.5, y: 0.5}
--- !u!114 &209888534
MonoBehaviour:
  m_ObjectHideFlags: 0
  m_CorrespondingSourceObject: {fileID: 0}
  m_PrefabInstance: {fileID: 0}
  m_PrefabAsset: {fileID: 0}
  m_GameObject: {fileID: 209888532}
  m_Enabled: 1
  m_EditorHideFlags: 0
  m_Script: {fileID: 11500000, guid: 306cc8c2b49d7114eaa3623786fc2126, type: 3}
  m_Name: 
  m_EditorClassIdentifier: 
  m_IgnoreLayout: 0
  m_MinWidth: -1
  m_MinHeight: -1
  m_PreferredWidth: -1
  m_PreferredHeight: -1
  m_FlexibleWidth: 1
  m_FlexibleHeight: 4
  m_LayoutPriority: 1
--- !u!114 &209888535
MonoBehaviour:
  m_ObjectHideFlags: 0
  m_CorrespondingSourceObject: {fileID: 0}
  m_PrefabInstance: {fileID: 0}
  m_PrefabAsset: {fileID: 0}
  m_GameObject: {fileID: 209888532}
  m_Enabled: 1
  m_EditorHideFlags: 0
  m_Script: {fileID: 11500000, guid: fe87c0e1cc204ed48ad3b37840f39efc, type: 3}
  m_Name: 
  m_EditorClassIdentifier: 
  m_Material: {fileID: 0}
  m_Color: {r: 1, g: 1, b: 1, a: 0}
  m_RaycastTarget: 1
  m_OnCullStateChanged:
    m_PersistentCalls:
      m_Calls: []
  m_Sprite: {fileID: 10907, guid: 0000000000000000f000000000000000, type: 0}
  m_Type: 1
  m_PreserveAspect: 0
  m_FillCenter: 1
  m_FillMethod: 4
  m_FillAmount: 1
  m_FillClockwise: 1
  m_FillOrigin: 0
  m_UseSpriteMesh: 0
  m_PixelsPerUnitMultiplier: 1
--- !u!222 &209888536
CanvasRenderer:
  m_ObjectHideFlags: 0
  m_CorrespondingSourceObject: {fileID: 0}
  m_PrefabInstance: {fileID: 0}
  m_PrefabAsset: {fileID: 0}
  m_GameObject: {fileID: 209888532}
  m_CullTransparentMesh: 0
--- !u!1 &232821773
GameObject:
  m_ObjectHideFlags: 0
  m_CorrespondingSourceObject: {fileID: 0}
  m_PrefabInstance: {fileID: 0}
  m_PrefabAsset: {fileID: 0}
  serializedVersion: 6
  m_Component:
  - component: {fileID: 232821775}
  - component: {fileID: 232821774}
  m_Layer: 0
  m_Name: Directional Light
  m_TagString: Untagged
  m_Icon: {fileID: 0}
  m_NavMeshLayer: 0
  m_StaticEditorFlags: 0
  m_IsActive: 1
--- !u!108 &232821774
Light:
  m_ObjectHideFlags: 0
  m_CorrespondingSourceObject: {fileID: 0}
  m_PrefabInstance: {fileID: 0}
  m_PrefabAsset: {fileID: 0}
  m_GameObject: {fileID: 232821773}
  m_Enabled: 1
  serializedVersion: 10
  m_Type: 1
  m_Shape: 0
  m_Color: {r: 1, g: 0.99464387, b: 0.8443396, a: 1}
  m_Intensity: 1
  m_Range: 10
  m_SpotAngle: 30
  m_InnerSpotAngle: 21.80208
  m_CookieSize: 10
  m_Shadows:
    m_Type: 2
    m_Resolution: -1
    m_CustomResolution: -1
    m_Strength: 1
    m_Bias: 0.05
    m_NormalBias: 0.4
    m_NearPlane: 0.2
    m_CullingMatrixOverride:
      e00: 1
      e01: 0
      e02: 0
      e03: 0
      e10: 0
      e11: 1
      e12: 0
      e13: 0
      e20: 0
      e21: 0
      e22: 1
      e23: 0
      e30: 0
      e31: 0
      e32: 0
      e33: 1
    m_UseCullingMatrixOverride: 0
  m_Cookie: {fileID: 0}
  m_DrawHalo: 0
  m_Flare: {fileID: 0}
  m_RenderMode: 0
  m_CullingMask:
    serializedVersion: 2
    m_Bits: 4294967295
  m_RenderingLayerMask: 1
  m_Lightmapping: 4
  m_LightShadowCasterMode: 0
  m_AreaSize: {x: 1, y: 1}
  m_BounceIntensity: 1
  m_ColorTemperature: 6570
  m_UseColorTemperature: 0
  m_BoundingSphereOverride: {x: 0, y: 0, z: 0, w: 0}
  m_UseBoundingSphereOverride: 0
  m_ShadowRadius: 0
  m_ShadowAngle: 0
--- !u!4 &232821775
Transform:
  m_ObjectHideFlags: 0
  m_CorrespondingSourceObject: {fileID: 0}
  m_PrefabInstance: {fileID: 0}
  m_PrefabAsset: {fileID: 0}
  m_GameObject: {fileID: 232821773}
  m_LocalRotation: {x: 0.24511333, y: -0.07801786, z: -0.16105106, w: 0.95283544}
  m_LocalPosition: {x: -4.9, y: 59.2, z: -130.7}
  m_LocalScale: {x: 1, y: 1, z: 1}
  m_Children: []
  m_Father: {fileID: 0}
  m_RootOrder: 7
  m_LocalEulerAnglesHint: {x: 26.23, y: -14.7, z: -22.63}
--- !u!1001 &370124462
PrefabInstance:
  m_ObjectHideFlags: 0
  serializedVersion: 2
  m_Modification:
    m_TransformParent: {fileID: 0}
    m_Modifications:
    - target: {fileID: 1082215448773746535, guid: 2b0fea1f217074341959ce3bf10bdd68,
        type: 3}
      propertyPath: m_Name
      value: Factory
      objectReference: {fileID: 0}
    - target: {fileID: 3481620141291086395, guid: 2b0fea1f217074341959ce3bf10bdd68,
        type: 3}
      propertyPath: m_LocalPosition.x
      value: -1
      objectReference: {fileID: 0}
    - target: {fileID: 3481620141291086395, guid: 2b0fea1f217074341959ce3bf10bdd68,
        type: 3}
      propertyPath: m_LocalPosition.y
      value: 5.3
      objectReference: {fileID: 0}
    - target: {fileID: 3481620141291086395, guid: 2b0fea1f217074341959ce3bf10bdd68,
        type: 3}
      propertyPath: m_LocalPosition.z
      value: -15.8
      objectReference: {fileID: 0}
    - target: {fileID: 3481620141291086395, guid: 2b0fea1f217074341959ce3bf10bdd68,
        type: 3}
      propertyPath: m_LocalRotation.x
      value: -0
      objectReference: {fileID: 0}
    - target: {fileID: 3481620141291086395, guid: 2b0fea1f217074341959ce3bf10bdd68,
        type: 3}
      propertyPath: m_LocalRotation.y
      value: -0.2659331
      objectReference: {fileID: 0}
    - target: {fileID: 3481620141291086395, guid: 2b0fea1f217074341959ce3bf10bdd68,
        type: 3}
      propertyPath: m_LocalRotation.z
      value: -0
      objectReference: {fileID: 0}
    - target: {fileID: 3481620141291086395, guid: 2b0fea1f217074341959ce3bf10bdd68,
        type: 3}
      propertyPath: m_LocalRotation.w
      value: 0.9639915
      objectReference: {fileID: 0}
    - target: {fileID: 3481620141291086395, guid: 2b0fea1f217074341959ce3bf10bdd68,
        type: 3}
      propertyPath: m_RootOrder
      value: 2
      objectReference: {fileID: 0}
    - target: {fileID: 3481620141291086395, guid: 2b0fea1f217074341959ce3bf10bdd68,
        type: 3}
      propertyPath: m_LocalEulerAnglesHint.x
      value: 0
      objectReference: {fileID: 0}
    - target: {fileID: 3481620141291086395, guid: 2b0fea1f217074341959ce3bf10bdd68,
        type: 3}
      propertyPath: m_LocalEulerAnglesHint.y
      value: -30.845001
      objectReference: {fileID: 0}
    - target: {fileID: 3481620141291086395, guid: 2b0fea1f217074341959ce3bf10bdd68,
        type: 3}
      propertyPath: m_LocalEulerAnglesHint.z
      value: 0
      objectReference: {fileID: 0}
    - target: {fileID: 3481620141291086395, guid: 2b0fea1f217074341959ce3bf10bdd68,
        type: 3}
      propertyPath: m_LocalScale.x
      value: 11.231
      objectReference: {fileID: 0}
    - target: {fileID: 3481620141291086395, guid: 2b0fea1f217074341959ce3bf10bdd68,
        type: 3}
      propertyPath: m_LocalScale.y
      value: 11.231
      objectReference: {fileID: 0}
    - target: {fileID: 3481620141291086395, guid: 2b0fea1f217074341959ce3bf10bdd68,
        type: 3}
      propertyPath: m_LocalScale.z
      value: 11.231
      objectReference: {fileID: 0}
    m_RemovedComponents: []
  m_SourcePrefab: {fileID: 100100000, guid: 2b0fea1f217074341959ce3bf10bdd68, type: 3}
--- !u!1001 &372933191
PrefabInstance:
  m_ObjectHideFlags: 0
  serializedVersion: 2
  m_Modification:
    m_TransformParent: {fileID: 0}
    m_Modifications:
    - target: {fileID: 1564593199772958454, guid: 67df43c44de8aa0408d7ae445799ceb7,
        type: 3}
      propertyPath: m_Name
      value: House (2)
      objectReference: {fileID: 0}
    - target: {fileID: 1564593199772958455, guid: 67df43c44de8aa0408d7ae445799ceb7,
        type: 3}
      propertyPath: m_LocalPosition.x
      value: 32.5
      objectReference: {fileID: 0}
    - target: {fileID: 1564593199772958455, guid: 67df43c44de8aa0408d7ae445799ceb7,
        type: 3}
      propertyPath: m_LocalPosition.y
      value: 6.6
      objectReference: {fileID: 0}
    - target: {fileID: 1564593199772958455, guid: 67df43c44de8aa0408d7ae445799ceb7,
        type: 3}
      propertyPath: m_LocalPosition.z
      value: 110.3
      objectReference: {fileID: 0}
    - target: {fileID: 1564593199772958455, guid: 67df43c44de8aa0408d7ae445799ceb7,
        type: 3}
      propertyPath: m_LocalRotation.x
      value: -0
      objectReference: {fileID: 0}
    - target: {fileID: 1564593199772958455, guid: 67df43c44de8aa0408d7ae445799ceb7,
        type: 3}
      propertyPath: m_LocalRotation.y
      value: 0.8969537
      objectReference: {fileID: 0}
    - target: {fileID: 1564593199772958455, guid: 67df43c44de8aa0408d7ae445799ceb7,
        type: 3}
      propertyPath: m_LocalRotation.z
      value: -0
      objectReference: {fileID: 0}
    - target: {fileID: 1564593199772958455, guid: 67df43c44de8aa0408d7ae445799ceb7,
        type: 3}
      propertyPath: m_LocalRotation.w
      value: 0.44212452
      objectReference: {fileID: 0}
    - target: {fileID: 1564593199772958455, guid: 67df43c44de8aa0408d7ae445799ceb7,
        type: 3}
      propertyPath: m_RootOrder
      value: 10
      objectReference: {fileID: 0}
    - target: {fileID: 1564593199772958455, guid: 67df43c44de8aa0408d7ae445799ceb7,
        type: 3}
      propertyPath: m_LocalEulerAnglesHint.x
      value: 0
      objectReference: {fileID: 0}
    - target: {fileID: 1564593199772958455, guid: 67df43c44de8aa0408d7ae445799ceb7,
        type: 3}
      propertyPath: m_LocalEulerAnglesHint.y
      value: 127.521
      objectReference: {fileID: 0}
    - target: {fileID: 1564593199772958455, guid: 67df43c44de8aa0408d7ae445799ceb7,
        type: 3}
      propertyPath: m_LocalEulerAnglesHint.z
      value: 0
      objectReference: {fileID: 0}
    - target: {fileID: 1564593199772958455, guid: 67df43c44de8aa0408d7ae445799ceb7,
        type: 3}
      propertyPath: m_LocalScale.x
      value: 7.5536
      objectReference: {fileID: 0}
    - target: {fileID: 1564593199772958455, guid: 67df43c44de8aa0408d7ae445799ceb7,
        type: 3}
      propertyPath: m_LocalScale.y
      value: 7.5536
      objectReference: {fileID: 0}
    - target: {fileID: 1564593199772958455, guid: 67df43c44de8aa0408d7ae445799ceb7,
        type: 3}
      propertyPath: m_LocalScale.z
      value: 7.5536
      objectReference: {fileID: 0}
    m_RemovedComponents: []
  m_SourcePrefab: {fileID: 100100000, guid: 67df43c44de8aa0408d7ae445799ceb7, type: 3}
--- !u!1 &531961080
GameObject:
  m_ObjectHideFlags: 0
  m_CorrespondingSourceObject: {fileID: 0}
  m_PrefabInstance: {fileID: 0}
  m_PrefabAsset: {fileID: 0}
  serializedVersion: 6
  m_Component:
  - component: {fileID: 531961081}
  - component: {fileID: 531961084}
  - component: {fileID: 531961083}
  - component: {fileID: 531961082}
  m_Layer: 5
  m_Name: MenuPanel
  m_TagString: Untagged
  m_Icon: {fileID: 0}
  m_NavMeshLayer: 0
  m_StaticEditorFlags: 0
  m_IsActive: 1
--- !u!224 &531961081
RectTransform:
  m_ObjectHideFlags: 0
  m_CorrespondingSourceObject: {fileID: 0}
  m_PrefabInstance: {fileID: 0}
  m_PrefabAsset: {fileID: 0}
  m_GameObject: {fileID: 531961080}
  m_LocalRotation: {x: 0, y: 0, z: 0, w: 1}
  m_LocalPosition: {x: 0, y: 0, z: 0}
  m_LocalScale: {x: 1, y: 1, z: 1}
  m_Children:
  - {fileID: 209888533}
  - {fileID: 1058511505}
  m_Father: {fileID: 607488669}
  m_RootOrder: 1
  m_LocalEulerAnglesHint: {x: 0, y: 0, z: 0}
  m_AnchorMin: {x: 0, y: 0}
  m_AnchorMax: {x: 1, y: 1}
  m_AnchoredPosition: {x: 0, y: 0}
  m_SizeDelta: {x: 0, y: 0}
  m_Pivot: {x: 0.5, y: 0.5}
--- !u!114 &531961082
MonoBehaviour:
  m_ObjectHideFlags: 0
  m_CorrespondingSourceObject: {fileID: 0}
  m_PrefabInstance: {fileID: 0}
  m_PrefabAsset: {fileID: 0}
  m_GameObject: {fileID: 531961080}
  m_Enabled: 1
  m_EditorHideFlags: 0
  m_Script: {fileID: 11500000, guid: 59f8146938fff824cb5fd77236b75775, type: 3}
  m_Name: 
  m_EditorClassIdentifier: 
  m_Padding:
    m_Left: 0
    m_Right: 0
    m_Top: 0
    m_Bottom: 0
  m_ChildAlignment: 4
  m_Spacing: 0
  m_ChildForceExpandWidth: 1
  m_ChildForceExpandHeight: 1
  m_ChildControlWidth: 0
  m_ChildControlHeight: 0
  m_ChildScaleWidth: 0
  m_ChildScaleHeight: 0
--- !u!114 &531961083
MonoBehaviour:
  m_ObjectHideFlags: 0
  m_CorrespondingSourceObject: {fileID: 0}
  m_PrefabInstance: {fileID: 0}
  m_PrefabAsset: {fileID: 0}
  m_GameObject: {fileID: 531961080}
  m_Enabled: 1
  m_EditorHideFlags: 0
  m_Script: {fileID: 11500000, guid: fe87c0e1cc204ed48ad3b37840f39efc, type: 3}
  m_Name: 
  m_EditorClassIdentifier: 
  m_Material: {fileID: 0}
  m_Color: {r: 1, g: 1, b: 1, a: 0}
  m_RaycastTarget: 1
  m_OnCullStateChanged:
    m_PersistentCalls:
      m_Calls: []
  m_Sprite: {fileID: 0}
  m_Type: 0
  m_PreserveAspect: 0
  m_FillCenter: 1
  m_FillMethod: 4
  m_FillAmount: 1
  m_FillClockwise: 1
  m_FillOrigin: 0
  m_UseSpriteMesh: 0
  m_PixelsPerUnitMultiplier: 1
--- !u!222 &531961084
CanvasRenderer:
  m_ObjectHideFlags: 0
  m_CorrespondingSourceObject: {fileID: 0}
  m_PrefabInstance: {fileID: 0}
  m_PrefabAsset: {fileID: 0}
  m_GameObject: {fileID: 531961080}
  m_CullTransparentMesh: 0
--- !u!1 &607488665
GameObject:
  m_ObjectHideFlags: 0
  m_CorrespondingSourceObject: {fileID: 0}
  m_PrefabInstance: {fileID: 0}
  m_PrefabAsset: {fileID: 0}
  serializedVersion: 6
  m_Component:
  - component: {fileID: 607488669}
  - component: {fileID: 607488668}
  - component: {fileID: 607488667}
  - component: {fileID: 607488666}
  - component: {fileID: 607488670}
  m_Layer: 5
  m_Name: Canvas
  m_TagString: Untagged
  m_Icon: {fileID: 0}
  m_NavMeshLayer: 0
  m_StaticEditorFlags: 0
  m_IsActive: 1
--- !u!114 &607488666
MonoBehaviour:
  m_ObjectHideFlags: 0
  m_CorrespondingSourceObject: {fileID: 0}
  m_PrefabInstance: {fileID: 0}
  m_PrefabAsset: {fileID: 0}
  m_GameObject: {fileID: 607488665}
  m_Enabled: 1
  m_EditorHideFlags: 0
  m_Script: {fileID: 11500000, guid: dc42784cf147c0c48a680349fa168899, type: 3}
  m_Name: 
  m_EditorClassIdentifier: 
  m_IgnoreReversedGraphics: 1
  m_BlockingObjects: 0
  m_BlockingMask:
    serializedVersion: 2
    m_Bits: 4294967295
--- !u!114 &607488667
MonoBehaviour:
  m_ObjectHideFlags: 0
  m_CorrespondingSourceObject: {fileID: 0}
  m_PrefabInstance: {fileID: 0}
  m_PrefabAsset: {fileID: 0}
  m_GameObject: {fileID: 607488665}
  m_Enabled: 1
  m_EditorHideFlags: 0
  m_Script: {fileID: 11500000, guid: 0cd44c1031e13a943bb63640046fad76, type: 3}
  m_Name: 
  m_EditorClassIdentifier: 
  m_UiScaleMode: 0
  m_ReferencePixelsPerUnit: 100
  m_ScaleFactor: 1
  m_ReferenceResolution: {x: 800, y: 600}
  m_ScreenMatchMode: 0
  m_MatchWidthOrHeight: 0
  m_PhysicalUnit: 3
  m_FallbackScreenDPI: 96
  m_DefaultSpriteDPI: 96
  m_DynamicPixelsPerUnit: 1
--- !u!223 &607488668
Canvas:
  m_ObjectHideFlags: 0
  m_CorrespondingSourceObject: {fileID: 0}
  m_PrefabInstance: {fileID: 0}
  m_PrefabAsset: {fileID: 0}
  m_GameObject: {fileID: 607488665}
  m_Enabled: 1
  serializedVersion: 3
  m_RenderMode: 0
  m_Camera: {fileID: 0}
  m_PlaneDistance: 100
  m_PixelPerfect: 0
  m_ReceivesEvents: 1
  m_OverrideSorting: 0
  m_OverridePixelPerfect: 0
  m_SortingBucketNormalizedSize: 0
  m_AdditionalShaderChannelsFlag: 25
  m_SortingLayerID: 0
  m_SortingOrder: 0
  m_TargetDisplay: 0
--- !u!224 &607488669
RectTransform:
  m_ObjectHideFlags: 0
  m_CorrespondingSourceObject: {fileID: 0}
  m_PrefabInstance: {fileID: 0}
  m_PrefabAsset: {fileID: 0}
  m_GameObject: {fileID: 607488665}
  m_LocalRotation: {x: 0, y: 0, z: 0, w: 1}
  m_LocalPosition: {x: 0, y: 0, z: 0}
  m_LocalScale: {x: 0, y: 0, z: 0}
  m_Children:
  - {fileID: 921130274}
  - {fileID: 531961081}
  m_Father: {fileID: 0}
  m_RootOrder: 0
  m_LocalEulerAnglesHint: {x: 0, y: 0, z: 0}
  m_AnchorMin: {x: 0, y: 0}
  m_AnchorMax: {x: 0, y: 0}
  m_AnchoredPosition: {x: 0, y: 0}
  m_SizeDelta: {x: 0, y: 0}
  m_Pivot: {x: 0, y: 0}
--- !u!114 &607488670
MonoBehaviour:
  m_ObjectHideFlags: 0
  m_CorrespondingSourceObject: {fileID: 0}
  m_PrefabInstance: {fileID: 0}
  m_PrefabAsset: {fileID: 0}
  m_GameObject: {fileID: 607488665}
  m_Enabled: 1
  m_EditorHideFlags: 0
  m_Script: {fileID: 11500000, guid: 81d6f5950f54d9f448434ca929df47c4, type: 3}
  m_Name: 
  m_EditorClassIdentifier: 
--- !u!1 &659472523
GameObject:
  m_ObjectHideFlags: 0
  m_CorrespondingSourceObject: {fileID: 0}
  m_PrefabInstance: {fileID: 0}
  m_PrefabAsset: {fileID: 0}
  serializedVersion: 6
  m_Component:
  - component: {fileID: 659472524}
  - component: {fileID: 659472527}
  - component: {fileID: 659472526}
  - component: {fileID: 659472525}
  m_Layer: 5
  m_Name: QuitButton
  m_TagString: Untagged
  m_Icon: {fileID: 0}
  m_NavMeshLayer: 0
  m_StaticEditorFlags: 0
  m_IsActive: 1
--- !u!224 &659472524
RectTransform:
  m_ObjectHideFlags: 0
  m_CorrespondingSourceObject: {fileID: 0}
  m_PrefabInstance: {fileID: 0}
  m_PrefabAsset: {fileID: 0}
  m_GameObject: {fileID: 659472523}
  m_LocalRotation: {x: -0, y: -0, z: -0, w: 1}
  m_LocalPosition: {x: 0, y: 0, z: 0}
  m_LocalScale: {x: 1, y: 1, z: 1}
  m_Children:
  - {fileID: 1944292599}
  m_Father: {fileID: 1058511505}
  m_RootOrder: 1
  m_LocalEulerAnglesHint: {x: 0, y: 0, z: 0}
  m_AnchorMin: {x: 0, y: 0}
  m_AnchorMax: {x: 0, y: 0}
  m_AnchoredPosition: {x: 0, y: 0}
  m_SizeDelta: {x: 0, y: 0}
  m_Pivot: {x: 0.5, y: 0.5}
--- !u!114 &659472525
MonoBehaviour:
  m_ObjectHideFlags: 0
  m_CorrespondingSourceObject: {fileID: 0}
  m_PrefabInstance: {fileID: 0}
  m_PrefabAsset: {fileID: 0}
  m_GameObject: {fileID: 659472523}
  m_Enabled: 1
  m_EditorHideFlags: 0
  m_Script: {fileID: 11500000, guid: 4e29b1a8efbd4b44bb3f3716e73f07ff, type: 3}
  m_Name: 
  m_EditorClassIdentifier: 
  m_Navigation:
    m_Mode: 3
    m_SelectOnUp: {fileID: 0}
    m_SelectOnDown: {fileID: 0}
    m_SelectOnLeft: {fileID: 0}
    m_SelectOnRight: {fileID: 0}
  m_Transition: 1
  m_Colors:
    m_NormalColor: {r: 0, g: 0, b: 0, a: 0.41960785}
    m_HighlightedColor: {r: 0.6603774, g: 0.6603774, b: 0.6603774, a: 0.59607846}
    m_PressedColor: {r: 0.78431374, g: 0.78431374, b: 0.78431374, a: 1}
    m_SelectedColor: {r: 0.9607843, g: 0.9607843, b: 0.9607843, a: 1}
    m_DisabledColor: {r: 0.78431374, g: 0.78431374, b: 0.78431374, a: 0.5019608}
    m_ColorMultiplier: 1
    m_FadeDuration: 0.1
  m_SpriteState:
    m_HighlightedSprite: {fileID: 0}
    m_PressedSprite: {fileID: 0}
    m_SelectedSprite: {fileID: 0}
    m_DisabledSprite: {fileID: 0}
  m_AnimationTriggers:
    m_NormalTrigger: Normal
    m_HighlightedTrigger: Highlighted
    m_PressedTrigger: Pressed
    m_SelectedTrigger: Selected
    m_DisabledTrigger: Disabled
  m_Interactable: 1
  m_TargetGraphic: {fileID: 659472526}
  m_OnClick:
    m_PersistentCalls:
      m_Calls:
      - m_Target: {fileID: 607488670}
        m_MethodName: Quit
        m_Mode: 1
        m_Arguments:
          m_ObjectArgument: {fileID: 0}
          m_ObjectArgumentAssemblyTypeName: UnityEngine.Object, UnityEngine
          m_IntArgument: 0
          m_FloatArgument: 0
          m_StringArgument: 
          m_BoolArgument: 0
        m_CallState: 2
--- !u!114 &659472526
MonoBehaviour:
  m_ObjectHideFlags: 0
  m_CorrespondingSourceObject: {fileID: 0}
  m_PrefabInstance: {fileID: 0}
  m_PrefabAsset: {fileID: 0}
  m_GameObject: {fileID: 659472523}
  m_Enabled: 1
  m_EditorHideFlags: 0
  m_Script: {fileID: 11500000, guid: fe87c0e1cc204ed48ad3b37840f39efc, type: 3}
  m_Name: 
  m_EditorClassIdentifier: 
  m_Material: {fileID: 0}
  m_Color: {r: 1, g: 1, b: 1, a: 1}
  m_RaycastTarget: 1
  m_OnCullStateChanged:
    m_PersistentCalls:
      m_Calls: []
  m_Sprite: {fileID: 10905, guid: 0000000000000000f000000000000000, type: 0}
  m_Type: 1
  m_PreserveAspect: 0
  m_FillCenter: 1
  m_FillMethod: 4
  m_FillAmount: 1
  m_FillClockwise: 1
  m_FillOrigin: 0
  m_UseSpriteMesh: 0
  m_PixelsPerUnitMultiplier: 1
--- !u!222 &659472527
CanvasRenderer:
  m_ObjectHideFlags: 0
  m_CorrespondingSourceObject: {fileID: 0}
  m_PrefabInstance: {fileID: 0}
  m_PrefabAsset: {fileID: 0}
  m_GameObject: {fileID: 659472523}
  m_CullTransparentMesh: 0
--- !u!1001 &799505181
PrefabInstance:
  m_ObjectHideFlags: 0
  serializedVersion: 2
  m_Modification:
    m_TransformParent: {fileID: 0}
    m_Modifications:
    - target: {fileID: 2170861190397512531, guid: 6b8c7a997b792514aa4c9f2714e9fcc6,
        type: 3}
      propertyPath: m_Name
      value: Commerce (1)
      objectReference: {fileID: 0}
    - target: {fileID: 2410988094062474767, guid: 6b8c7a997b792514aa4c9f2714e9fcc6,
        type: 3}
      propertyPath: m_LocalPosition.x
      value: 103.1
      objectReference: {fileID: 0}
    - target: {fileID: 2410988094062474767, guid: 6b8c7a997b792514aa4c9f2714e9fcc6,
        type: 3}
      propertyPath: m_LocalPosition.y
      value: 6.4
      objectReference: {fileID: 0}
    - target: {fileID: 2410988094062474767, guid: 6b8c7a997b792514aa4c9f2714e9fcc6,
        type: 3}
      propertyPath: m_LocalPosition.z
      value: 17
      objectReference: {fileID: 0}
    - target: {fileID: 2410988094062474767, guid: 6b8c7a997b792514aa4c9f2714e9fcc6,
        type: 3}
      propertyPath: m_LocalRotation.x
      value: -0
      objectReference: {fileID: 0}
    - target: {fileID: 2410988094062474767, guid: 6b8c7a997b792514aa4c9f2714e9fcc6,
        type: 3}
      propertyPath: m_LocalRotation.y
      value: -0.6834875
      objectReference: {fileID: 0}
    - target: {fileID: 2410988094062474767, guid: 6b8c7a997b792514aa4c9f2714e9fcc6,
        type: 3}
      propertyPath: m_LocalRotation.z
      value: -0
      objectReference: {fileID: 0}
    - target: {fileID: 2410988094062474767, guid: 6b8c7a997b792514aa4c9f2714e9fcc6,
        type: 3}
      propertyPath: m_LocalRotation.w
      value: 0.7299622
      objectReference: {fileID: 0}
    - target: {fileID: 2410988094062474767, guid: 6b8c7a997b792514aa4c9f2714e9fcc6,
        type: 3}
      propertyPath: m_RootOrder
      value: 13
      objectReference: {fileID: 0}
    - target: {fileID: 2410988094062474767, guid: 6b8c7a997b792514aa4c9f2714e9fcc6,
        type: 3}
      propertyPath: m_LocalEulerAnglesHint.x
      value: 0
      objectReference: {fileID: 0}
    - target: {fileID: 2410988094062474767, guid: 6b8c7a997b792514aa4c9f2714e9fcc6,
        type: 3}
      propertyPath: m_LocalEulerAnglesHint.y
      value: -86.234
      objectReference: {fileID: 0}
    - target: {fileID: 2410988094062474767, guid: 6b8c7a997b792514aa4c9f2714e9fcc6,
        type: 3}
      propertyPath: m_LocalEulerAnglesHint.z
      value: 0
      objectReference: {fileID: 0}
    - target: {fileID: 2410988094062474767, guid: 6b8c7a997b792514aa4c9f2714e9fcc6,
        type: 3}
      propertyPath: m_LocalScale.x
      value: 10.113
      objectReference: {fileID: 0}
    - target: {fileID: 2410988094062474767, guid: 6b8c7a997b792514aa4c9f2714e9fcc6,
        type: 3}
      propertyPath: m_LocalScale.y
      value: 10.113
      objectReference: {fileID: 0}
    - target: {fileID: 2410988094062474767, guid: 6b8c7a997b792514aa4c9f2714e9fcc6,
        type: 3}
      propertyPath: m_LocalScale.z
      value: 10.113
      objectReference: {fileID: 0}
    m_RemovedComponents: []
  m_SourcePrefab: {fileID: 100100000, guid: 6b8c7a997b792514aa4c9f2714e9fcc6, type: 3}
--- !u!1 &814162912
GameObject:
  m_ObjectHideFlags: 0
  m_CorrespondingSourceObject: {fileID: 0}
  m_PrefabInstance: {fileID: 0}
  m_PrefabAsset: {fileID: 0}
  serializedVersion: 6
  m_Component:
  - component: {fileID: 814162916}
  - component: {fileID: 814162915}
  - component: {fileID: 814162914}
  - component: {fileID: 814162913}
  m_Layer: 0
  m_Name: Plane
  m_TagString: Untagged
  m_Icon: {fileID: 0}
  m_NavMeshLayer: 0
  m_StaticEditorFlags: 0
  m_IsActive: 1
--- !u!64 &814162913
MeshCollider:
  m_ObjectHideFlags: 0
  m_CorrespondingSourceObject: {fileID: 0}
  m_PrefabInstance: {fileID: 0}
  m_PrefabAsset: {fileID: 0}
  m_GameObject: {fileID: 814162912}
  m_Material: {fileID: 0}
  m_IsTrigger: 0
  m_Enabled: 1
  serializedVersion: 4
  m_Convex: 0
  m_CookingOptions: 30
  m_Mesh: {fileID: 10209, guid: 0000000000000000e000000000000000, type: 0}
--- !u!23 &814162914
MeshRenderer:
  m_ObjectHideFlags: 0
  m_CorrespondingSourceObject: {fileID: 0}
  m_PrefabInstance: {fileID: 0}
  m_PrefabAsset: {fileID: 0}
  m_GameObject: {fileID: 814162912}
  m_Enabled: 1
  m_CastShadows: 1
  m_ReceiveShadows: 1
  m_DynamicOccludee: 1
  m_MotionVectors: 1
  m_LightProbeUsage: 1
  m_ReflectionProbeUsage: 1
  m_RayTracingMode: 2
  m_RenderingLayerMask: 1
  m_RendererPriority: 0
  m_Materials:
  - {fileID: 2100000, guid: 1f477deb01ee1af43b34b79b8ab98c8f, type: 2}
  m_StaticBatchInfo:
    firstSubMesh: 0
    subMeshCount: 0
  m_StaticBatchRoot: {fileID: 0}
  m_ProbeAnchor: {fileID: 0}
  m_LightProbeVolumeOverride: {fileID: 0}
  m_ScaleInLightmap: 1
  m_ReceiveGI: 1
  m_PreserveUVs: 0
  m_IgnoreNormalsForChartDetection: 0
  m_ImportantGI: 0
  m_StitchLightmapSeams: 1
  m_SelectedEditorRenderState: 3
  m_MinimumChartSize: 4
  m_AutoUVMaxDistance: 0.5
  m_AutoUVMaxAngle: 89
  m_LightmapParameters: {fileID: 0}
  m_SortingLayerID: 0
  m_SortingLayer: 0
  m_SortingOrder: 0
--- !u!33 &814162915
MeshFilter:
  m_ObjectHideFlags: 0
  m_CorrespondingSourceObject: {fileID: 0}
  m_PrefabInstance: {fileID: 0}
  m_PrefabAsset: {fileID: 0}
  m_GameObject: {fileID: 814162912}
  m_Mesh: {fileID: 10209, guid: 0000000000000000e000000000000000, type: 0}
--- !u!4 &814162916
Transform:
  m_ObjectHideFlags: 0
  m_CorrespondingSourceObject: {fileID: 0}
  m_PrefabInstance: {fileID: 0}
  m_PrefabAsset: {fileID: 0}
  m_GameObject: {fileID: 814162912}
  m_LocalRotation: {x: 0, y: 0, z: 0, w: 1}
  m_LocalPosition: {x: 0, y: 7, z: 0}
  m_LocalScale: {x: 100, y: 100, z: 100}
  m_Children: []
  m_Father: {fileID: 0}
  m_RootOrder: 6
  m_LocalEulerAnglesHint: {x: 0, y: 0, z: 0}
--- !u!1 &849717092
GameObject:
  m_ObjectHideFlags: 0
  m_CorrespondingSourceObject: {fileID: 0}
  m_PrefabInstance: {fileID: 0}
  m_PrefabAsset: {fileID: 0}
  serializedVersion: 6
  m_Component:
  - component: {fileID: 849717093}
  - component: {fileID: 849717096}
  - component: {fileID: 849717095}
  - component: {fileID: 849717094}
  m_Layer: 5
  m_Name: Image
  m_TagString: Untagged
  m_Icon: {fileID: 0}
  m_NavMeshLayer: 0
  m_StaticEditorFlags: 0
  m_IsActive: 1
--- !u!224 &849717093
RectTransform:
  m_ObjectHideFlags: 0
  m_CorrespondingSourceObject: {fileID: 0}
  m_PrefabInstance: {fileID: 0}
  m_PrefabAsset: {fileID: 0}
  m_GameObject: {fileID: 849717092}
  m_LocalRotation: {x: 0, y: 0, z: 0, w: 1}
  m_LocalPosition: {x: 0, y: 0, z: 0}
  m_LocalScale: {x: 1, y: 1, z: 1}
  m_Children: []
  m_Father: {fileID: 209888533}
  m_RootOrder: 0
  m_LocalEulerAnglesHint: {x: 0, y: 0, z: 0}
  m_AnchorMin: {x: 0.5, y: 0.5}
  m_AnchorMax: {x: 0.5, y: 0.5}
  m_AnchoredPosition: {x: 0, y: 0}
  m_SizeDelta: {x: 800, y: 500}
  m_Pivot: {x: 0.5, y: 0.5}
--- !u!114 &849717094
MonoBehaviour:
  m_ObjectHideFlags: 0
  m_CorrespondingSourceObject: {fileID: 0}
  m_PrefabInstance: {fileID: 0}
  m_PrefabAsset: {fileID: 0}
  m_GameObject: {fileID: 849717092}
  m_Enabled: 1
  m_EditorHideFlags: 0
  m_Script: {fileID: 11500000, guid: 306cc8c2b49d7114eaa3623786fc2126, type: 3}
  m_Name: 
  m_EditorClassIdentifier: 
  m_IgnoreLayout: 0
  m_MinWidth: -1
  m_MinHeight: -1
  m_PreferredWidth: -1
  m_PreferredHeight: -1
  m_FlexibleWidth: -1
  m_FlexibleHeight: -1
  m_LayoutPriority: 1
--- !u!114 &849717095
MonoBehaviour:
  m_ObjectHideFlags: 0
  m_CorrespondingSourceObject: {fileID: 0}
  m_PrefabInstance: {fileID: 0}
  m_PrefabAsset: {fileID: 0}
  m_GameObject: {fileID: 849717092}
  m_Enabled: 1
  m_EditorHideFlags: 0
  m_Script: {fileID: 11500000, guid: fe87c0e1cc204ed48ad3b37840f39efc, type: 3}
  m_Name: 
  m_EditorClassIdentifier: 
  m_Material: {fileID: 0}
  m_Color: {r: 1, g: 1, b: 1, a: 1}
  m_RaycastTarget: 1
  m_OnCullStateChanged:
    m_PersistentCalls:
      m_Calls: []
  m_Sprite: {fileID: 21300000, guid: abfe9bff599dbfd44b5c6b3fe3fec768, type: 3}
  m_Type: 0
  m_PreserveAspect: 1
  m_FillCenter: 1
  m_FillMethod: 4
  m_FillAmount: 1
  m_FillClockwise: 1
  m_FillOrigin: 0
  m_UseSpriteMesh: 0
  m_PixelsPerUnitMultiplier: 1
--- !u!222 &849717096
CanvasRenderer:
  m_ObjectHideFlags: 0
  m_CorrespondingSourceObject: {fileID: 0}
  m_PrefabInstance: {fileID: 0}
  m_PrefabAsset: {fileID: 0}
  m_GameObject: {fileID: 849717092}
  m_CullTransparentMesh: 0
--- !u!1 &921130273
GameObject:
  m_ObjectHideFlags: 0
  m_CorrespondingSourceObject: {fileID: 0}
  m_PrefabInstance: {fileID: 0}
  m_PrefabAsset: {fileID: 0}
  serializedVersion: 6
  m_Component:
  - component: {fileID: 921130274}
  - component: {fileID: 921130276}
  - component: {fileID: 921130275}
  - component: {fileID: 921130277}
  m_Layer: 5
  m_Name: HighScore
  m_TagString: Untagged
  m_Icon: {fileID: 0}
  m_NavMeshLayer: 0
  m_StaticEditorFlags: 0
  m_IsActive: 1
--- !u!224 &921130274
RectTransform:
  m_ObjectHideFlags: 0
  m_CorrespondingSourceObject: {fileID: 0}
  m_PrefabInstance: {fileID: 0}
  m_PrefabAsset: {fileID: 0}
  m_GameObject: {fileID: 921130273}
  m_LocalRotation: {x: -0, y: -0, z: -0, w: 1}
  m_LocalPosition: {x: 0, y: 0, z: 0}
  m_LocalScale: {x: 1, y: 1, z: 1}
  m_Children: []
  m_Father: {fileID: 607488669}
  m_RootOrder: 0
  m_LocalEulerAnglesHint: {x: 0, y: 0, z: 0}
  m_AnchorMin: {x: 0, y: 1}
  m_AnchorMax: {x: 0, y: 1}
  m_AnchoredPosition: {x: 15, y: -10}
  m_SizeDelta: {x: 500, y: 50}
  m_Pivot: {x: 0, y: 1}
--- !u!114 &921130275
MonoBehaviour:
  m_ObjectHideFlags: 0
  m_CorrespondingSourceObject: {fileID: 0}
  m_PrefabInstance: {fileID: 0}
  m_PrefabAsset: {fileID: 0}
  m_GameObject: {fileID: 921130273}
  m_Enabled: 1
  m_EditorHideFlags: 0
  m_Script: {fileID: 11500000, guid: f4688fdb7df04437aeb418b961361dc5, type: 3}
  m_Name: 
  m_EditorClassIdentifier: 
  m_Material: {fileID: 0}
  m_Color: {r: 1, g: 1, b: 1, a: 1}
  m_RaycastTarget: 1
  m_OnCullStateChanged:
    m_PersistentCalls:
      m_Calls: []
  m_text: 'Highscore : '
  m_isRightToLeft: 0
  m_fontAsset: {fileID: 11400000, guid: c76a1bb3548a2fd4da5accf7eb8f413d, type: 2}
  m_sharedMaterial: {fileID: -3146745033968667511, guid: c76a1bb3548a2fd4da5accf7eb8f413d,
    type: 2}
  m_fontSharedMaterials: []
  m_fontMaterial: {fileID: 0}
  m_fontMaterials: []
  m_fontColor32:
    serializedVersion: 2
    rgba: 4294967295
  m_fontColor: {r: 1, g: 1, b: 1, a: 1}
  m_enableVertexGradient: 0
  m_colorMode: 3
  m_fontColorGradient:
    topLeft: {r: 1, g: 1, b: 1, a: 1}
    topRight: {r: 1, g: 1, b: 1, a: 1}
    bottomLeft: {r: 1, g: 1, b: 1, a: 1}
    bottomRight: {r: 1, g: 1, b: 1, a: 1}
  m_fontColorGradientPreset: {fileID: 0}
  m_spriteAsset: {fileID: 0}
  m_tintAllSprites: 0
  m_overrideHtmlColors: 0
  m_faceColor:
    serializedVersion: 2
    rgba: 4294967295
  m_outlineColor:
    serializedVersion: 2
    rgba: 4278190080
  m_fontSize: 22
  m_fontSizeBase: 22
  m_fontWeight: 400
  m_enableAutoSizing: 0
  m_fontSizeMin: 18
  m_fontSizeMax: 72
  m_fontStyle: 0
  m_textAlignment: 257
  m_characterSpacing: 0
  m_wordSpacing: 0
  m_lineSpacing: 0
  m_lineSpacingMax: 0
  m_paragraphSpacing: 0
  m_charWidthMaxAdj: 0
  m_enableWordWrapping: 1
  m_wordWrappingRatios: 0.4
  m_overflowMode: 0
  m_firstOverflowCharacterIndex: -1
  m_linkedTextComponent: {fileID: 0}
  m_isLinkedTextComponent: 0
  m_isTextTruncated: 0
  m_enableKerning: 1
  m_enableExtraPadding: 0
  checkPaddingRequired: 0
  m_isRichText: 1
  m_parseCtrlCharacters: 1
  m_isOrthographic: 1
  m_isCullingEnabled: 0
  m_ignoreRectMaskCulling: 0
  m_ignoreCulling: 1
  m_horizontalMapping: 0
  m_verticalMapping: 0
  m_uvLineOffset: 0
  m_geometrySortingOrder: 0
  m_VertexBufferAutoSizeReduction: 1
  m_firstVisibleCharacter: 0
  m_useMaxVisibleDescender: 1
  m_pageToDisplay: 1
  m_margin: {x: 0, y: 0, z: 0, w: 0}
  m_textInfo:
    textComponent: {fileID: 921130275}
    characterCount: 12
    spriteCount: 0
    spaceCount: 2
    wordCount: 1
    linkCount: 0
    lineCount: 1
    pageCount: 1
    materialCount: 1
  m_isUsingLegacyAnimationComponent: 0
  m_isVolumetricText: 0
  m_spriteAnimator: {fileID: 0}
  m_hasFontAssetChanged: 0
  m_subTextObjects:
  - {fileID: 0}
  - {fileID: 0}
  - {fileID: 0}
  - {fileID: 0}
  - {fileID: 0}
  - {fileID: 0}
  - {fileID: 0}
  - {fileID: 0}
  m_baseMaterial: {fileID: 0}
  m_maskOffset: {x: 0, y: 0, z: 0, w: 0}
--- !u!222 &921130276
CanvasRenderer:
  m_ObjectHideFlags: 0
  m_CorrespondingSourceObject: {fileID: 0}
  m_PrefabInstance: {fileID: 0}
  m_PrefabAsset: {fileID: 0}
  m_GameObject: {fileID: 921130273}
  m_CullTransparentMesh: 0
--- !u!114 &921130277
MonoBehaviour:
  m_ObjectHideFlags: 0
  m_CorrespondingSourceObject: {fileID: 0}
  m_PrefabInstance: {fileID: 0}
  m_PrefabAsset: {fileID: 0}
  m_GameObject: {fileID: 921130273}
  m_Enabled: 1
  m_EditorHideFlags: 0
  m_Script: {fileID: 11500000, guid: 2b727e4f905cf204caf053c813ee754c, type: 3}
  m_Name: 
  m_EditorClassIdentifier: 
--- !u!1 &1058511504
GameObject:
  m_ObjectHideFlags: 0
  m_CorrespondingSourceObject: {fileID: 0}
  m_PrefabInstance: {fileID: 0}
  m_PrefabAsset: {fileID: 0}
  serializedVersion: 6
  m_Component:
  - component: {fileID: 1058511505}
  - component: {fileID: 1058511509}
  - component: {fileID: 1058511508}
  - component: {fileID: 1058511507}
  - component: {fileID: 1058511506}
  m_Layer: 5
  m_Name: BottomPanel
  m_TagString: Untagged
  m_Icon: {fileID: 0}
  m_NavMeshLayer: 0
  m_StaticEditorFlags: 0
  m_IsActive: 1
--- !u!224 &1058511505
RectTransform:
  m_ObjectHideFlags: 0
  m_CorrespondingSourceObject: {fileID: 0}
  m_PrefabInstance: {fileID: 0}
  m_PrefabAsset: {fileID: 0}
  m_GameObject: {fileID: 1058511504}
  m_LocalRotation: {x: 0, y: 0, z: 0, w: 1}
  m_LocalPosition: {x: 0, y: 0, z: 0}
  m_LocalScale: {x: 1, y: 1, z: 1}
  m_Children:
  - {fileID: 1389511964}
  - {fileID: 659472524}
  m_Father: {fileID: 531961081}
  m_RootOrder: 1
  m_LocalEulerAnglesHint: {x: 0, y: 0, z: 0}
  m_AnchorMin: {x: 0, y: 0}
  m_AnchorMax: {x: 0, y: 0}
  m_AnchoredPosition: {x: 0, y: 0}
  m_SizeDelta: {x: 600, y: 200}
  m_Pivot: {x: 0.5, y: 0.5}
--- !u!114 &1058511506
MonoBehaviour:
  m_ObjectHideFlags: 0
  m_CorrespondingSourceObject: {fileID: 0}
  m_PrefabInstance: {fileID: 0}
  m_PrefabAsset: {fileID: 0}
  m_GameObject: {fileID: 1058511504}
  m_Enabled: 1
  m_EditorHideFlags: 0
  m_Script: {fileID: 11500000, guid: 59f8146938fff824cb5fd77236b75775, type: 3}
  m_Name: 
  m_EditorClassIdentifier: 
  m_Padding:
    m_Left: 0
    m_Right: 0
    m_Top: 0
    m_Bottom: 0
  m_ChildAlignment: 7
  m_Spacing: 40
  m_ChildForceExpandWidth: 1
  m_ChildForceExpandHeight: 1
  m_ChildControlWidth: 1
  m_ChildControlHeight: 1
  m_ChildScaleWidth: 0
  m_ChildScaleHeight: 0
--- !u!114 &1058511507
MonoBehaviour:
  m_ObjectHideFlags: 0
  m_CorrespondingSourceObject: {fileID: 0}
  m_PrefabInstance: {fileID: 0}
  m_PrefabAsset: {fileID: 0}
  m_GameObject: {fileID: 1058511504}
  m_Enabled: 1
  m_EditorHideFlags: 0
  m_Script: {fileID: 11500000, guid: 306cc8c2b49d7114eaa3623786fc2126, type: 3}
  m_Name: 
  m_EditorClassIdentifier: 
  m_IgnoreLayout: 0
  m_MinWidth: -1
  m_MinHeight: -1
  m_PreferredWidth: -1
  m_PreferredHeight: -1
  m_FlexibleWidth: 1
  m_FlexibleHeight: -1
  m_LayoutPriority: 1
--- !u!114 &1058511508
MonoBehaviour:
  m_ObjectHideFlags: 0
  m_CorrespondingSourceObject: {fileID: 0}
  m_PrefabInstance: {fileID: 0}
  m_PrefabAsset: {fileID: 0}
  m_GameObject: {fileID: 1058511504}
  m_Enabled: 1
  m_EditorHideFlags: 0
  m_Script: {fileID: 11500000, guid: fe87c0e1cc204ed48ad3b37840f39efc, type: 3}
  m_Name: 
  m_EditorClassIdentifier: 
  m_Material: {fileID: 0}
  m_Color: {r: 1, g: 1, b: 1, a: 0}
  m_RaycastTarget: 1
  m_OnCullStateChanged:
    m_PersistentCalls:
      m_Calls: []
  m_Sprite: {fileID: 10907, guid: 0000000000000000f000000000000000, type: 0}
  m_Type: 1
  m_PreserveAspect: 0
  m_FillCenter: 1
  m_FillMethod: 4
  m_FillAmount: 1
  m_FillClockwise: 1
  m_FillOrigin: 0
  m_UseSpriteMesh: 0
  m_PixelsPerUnitMultiplier: 1
--- !u!222 &1058511509
CanvasRenderer:
  m_ObjectHideFlags: 0
  m_CorrespondingSourceObject: {fileID: 0}
  m_PrefabInstance: {fileID: 0}
  m_PrefabAsset: {fileID: 0}
  m_GameObject: {fileID: 1058511504}
  m_CullTransparentMesh: 0
--- !u!1001 &1189306440
PrefabInstance:
  m_ObjectHideFlags: 0
  serializedVersion: 2
  m_Modification:
    m_TransformParent: {fileID: 0}
    m_Modifications:
    - target: {fileID: 2170861190397512531, guid: 6b8c7a997b792514aa4c9f2714e9fcc6,
        type: 3}
      propertyPath: m_Name
      value: Commerce (2)
      objectReference: {fileID: 0}
    - target: {fileID: 2410988094062474767, guid: 6b8c7a997b792514aa4c9f2714e9fcc6,
        type: 3}
      propertyPath: m_LocalPosition.x
      value: 109
      objectReference: {fileID: 0}
    - target: {fileID: 2410988094062474767, guid: 6b8c7a997b792514aa4c9f2714e9fcc6,
        type: 3}
      propertyPath: m_LocalPosition.y
      value: 6.4
      objectReference: {fileID: 0}
    - target: {fileID: 2410988094062474767, guid: 6b8c7a997b792514aa4c9f2714e9fcc6,
        type: 3}
      propertyPath: m_LocalPosition.z
      value: 140
      objectReference: {fileID: 0}
    - target: {fileID: 2410988094062474767, guid: 6b8c7a997b792514aa4c9f2714e9fcc6,
        type: 3}
      propertyPath: m_LocalRotation.x
      value: -0
      objectReference: {fileID: 0}
    - target: {fileID: 2410988094062474767, guid: 6b8c7a997b792514aa4c9f2714e9fcc6,
        type: 3}
      propertyPath: m_LocalRotation.y
      value: -0.26262784
      objectReference: {fileID: 0}
    - target: {fileID: 2410988094062474767, guid: 6b8c7a997b792514aa4c9f2714e9fcc6,
        type: 3}
      propertyPath: m_LocalRotation.z
      value: -0
      objectReference: {fileID: 0}
    - target: {fileID: 2410988094062474767, guid: 6b8c7a997b792514aa4c9f2714e9fcc6,
        type: 3}
      propertyPath: m_LocalRotation.w
      value: 0.9648972
      objectReference: {fileID: 0}
    - target: {fileID: 2410988094062474767, guid: 6b8c7a997b792514aa4c9f2714e9fcc6,
        type: 3}
      propertyPath: m_RootOrder
      value: 14
      objectReference: {fileID: 0}
    - target: {fileID: 2410988094062474767, guid: 6b8c7a997b792514aa4c9f2714e9fcc6,
        type: 3}
      propertyPath: m_LocalEulerAnglesHint.x
      value: 0
      objectReference: {fileID: 0}
    - target: {fileID: 2410988094062474767, guid: 6b8c7a997b792514aa4c9f2714e9fcc6,
        type: 3}
      propertyPath: m_LocalEulerAnglesHint.y
      value: -30.452002
      objectReference: {fileID: 0}
    - target: {fileID: 2410988094062474767, guid: 6b8c7a997b792514aa4c9f2714e9fcc6,
        type: 3}
      propertyPath: m_LocalEulerAnglesHint.z
      value: 0
      objectReference: {fileID: 0}
    - target: {fileID: 2410988094062474767, guid: 6b8c7a997b792514aa4c9f2714e9fcc6,
        type: 3}
      propertyPath: m_LocalScale.x
      value: 10.113
      objectReference: {fileID: 0}
    - target: {fileID: 2410988094062474767, guid: 6b8c7a997b792514aa4c9f2714e9fcc6,
        type: 3}
      propertyPath: m_LocalScale.y
      value: 10.113
      objectReference: {fileID: 0}
    - target: {fileID: 2410988094062474767, guid: 6b8c7a997b792514aa4c9f2714e9fcc6,
        type: 3}
      propertyPath: m_LocalScale.z
      value: 10.113
      objectReference: {fileID: 0}
    m_RemovedComponents: []
  m_SourcePrefab: {fileID: 100100000, guid: 6b8c7a997b792514aa4c9f2714e9fcc6, type: 3}
--- !u!1 &1271926729
GameObject:
  m_ObjectHideFlags: 0
  m_CorrespondingSourceObject: {fileID: 0}
  m_PrefabInstance: {fileID: 0}
  m_PrefabAsset: {fileID: 0}
  serializedVersion: 6
  m_Component:
  - component: {fileID: 1271926732}
  - component: {fileID: 1271926731}
  - component: {fileID: 1271926730}
  - component: {fileID: 1271926733}
  m_Layer: 0
  m_Name: Camera
  m_TagString: Untagged
  m_Icon: {fileID: 0}
  m_NavMeshLayer: 0
  m_StaticEditorFlags: 0
  m_IsActive: 1
--- !u!81 &1271926730
AudioListener:
  m_ObjectHideFlags: 0
  m_CorrespondingSourceObject: {fileID: 0}
  m_PrefabInstance: {fileID: 0}
  m_PrefabAsset: {fileID: 0}
  m_GameObject: {fileID: 1271926729}
  m_Enabled: 1
--- !u!20 &1271926731
Camera:
  m_ObjectHideFlags: 0
  m_CorrespondingSourceObject: {fileID: 0}
  m_PrefabInstance: {fileID: 0}
  m_PrefabAsset: {fileID: 0}
  m_GameObject: {fileID: 1271926729}
  m_Enabled: 1
  serializedVersion: 2
  m_ClearFlags: 1
  m_BackGroundColor: {r: 0.19215687, g: 0.3019608, b: 0.4745098, a: 0}
  m_projectionMatrixMode: 1
  m_GateFitMode: 2
  m_FOVAxisMode: 0
  m_SensorSize: {x: 36, y: 24}
  m_LensShift: {x: 0, y: 0}
  m_FocalLength: 50
  m_NormalizedViewPortRect:
    serializedVersion: 2
    x: 0
    y: 0
    width: 1
    height: 1
  near clip plane: 0.3
  far clip plane: 1000
  field of view: 60
  orthographic: 0
  orthographic size: 5
  m_Depth: 0
  m_CullingMask:
    serializedVersion: 2
    m_Bits: 4294967295
  m_RenderingPath: -1
  m_TargetTexture: {fileID: 0}
  m_TargetDisplay: 0
  m_TargetEye: 3
  m_HDR: 1
  m_AllowMSAA: 1
  m_AllowDynamicResolution: 0
  m_ForceIntoRT: 0
  m_OcclusionCulling: 1
  m_StereoConvergence: 10
  m_StereoSeparation: 0.022
--- !u!4 &1271926732
Transform:
  m_ObjectHideFlags: 0
  m_CorrespondingSourceObject: {fileID: 0}
  m_PrefabInstance: {fileID: 0}
  m_PrefabAsset: {fileID: 0}
  m_GameObject: {fileID: 1271926729}
  m_LocalRotation: {x: 0.08115573, y: 0, z: 0, w: 0.9967014}
  m_LocalPosition: {x: 0, y: 23.31, z: -81.9}
  m_LocalScale: {x: 1, y: 1, z: 1}
  m_Children: []
  m_Father: {fileID: 0}
  m_RootOrder: 5
  m_LocalEulerAnglesHint: {x: 9.31, y: 0, z: 0}
--- !u!114 &1271926733
MonoBehaviour:
  m_ObjectHideFlags: 0
  m_CorrespondingSourceObject: {fileID: 0}
  m_PrefabInstance: {fileID: 0}
  m_PrefabAsset: {fileID: 0}
  m_GameObject: {fileID: 1271926729}
  m_Enabled: 1
  m_EditorHideFlags: 0
  m_Script: {fileID: 11500000, guid: 948f4100a11a5c24981795d21301da5c, type: 3}
  m_Name: 
  m_EditorClassIdentifier: 
  volumeTrigger: {fileID: 1271926732}
  volumeLayer:
    serializedVersion: 2
    m_Bits: 256
  stopNaNPropagation: 1
  finalBlitToCameraTarget: 0
  antialiasingMode: 3
  temporalAntialiasing:
    jitterSpread: 0.75
    sharpness: 0.25
    stationaryBlending: 0.95
    motionBlending: 0.85
  subpixelMorphologicalAntialiasing:
    quality: 2
  fastApproximateAntialiasing:
    fastMode: 0
    keepAlpha: 0
  fog:
    enabled: 1
    excludeSkybox: 1
  debugLayer:
    lightMeter:
      width: 512
      height: 256
      showCurves: 1
    histogram:
      width: 512
      height: 256
      channel: 3
    waveform:
      exposure: 0.12
      height: 256
    vectorscope:
      size: 256
      exposure: 0.12
    overlaySettings:
      linearDepth: 0
      motionColorIntensity: 4
      motionGridSize: 64
      colorBlindnessType: 0
      colorBlindnessStrength: 1
  m_Resources: {fileID: 11400000, guid: d82512f9c8e5d4a4d938b575d47f88d4, type: 2}
  m_ShowToolkit: 0
  m_ShowCustomSorter: 0
  breakBeforeColorGrading: 0
  m_BeforeTransparentBundles: []
  m_BeforeStackBundles: []
  m_AfterStackBundles: []
--- !u!1001 &1330622768
PrefabInstance:
  m_ObjectHideFlags: 0
  serializedVersion: 2
  m_Modification:
    m_TransformParent: {fileID: 0}
    m_Modifications:
    - target: {fileID: 1082215448773746535, guid: 2b0fea1f217074341959ce3bf10bdd68,
        type: 3}
      propertyPath: m_Name
      value: Factory (2)
      objectReference: {fileID: 0}
    - target: {fileID: 3481620141291086395, guid: 2b0fea1f217074341959ce3bf10bdd68,
        type: 3}
      propertyPath: m_LocalPosition.x
      value: -95.2
      objectReference: {fileID: 0}
    - target: {fileID: 3481620141291086395, guid: 2b0fea1f217074341959ce3bf10bdd68,
        type: 3}
      propertyPath: m_LocalPosition.y
      value: 5.3
      objectReference: {fileID: 0}
    - target: {fileID: 3481620141291086395, guid: 2b0fea1f217074341959ce3bf10bdd68,
        type: 3}
      propertyPath: m_LocalPosition.z
      value: -1.4
      objectReference: {fileID: 0}
    - target: {fileID: 3481620141291086395, guid: 2b0fea1f217074341959ce3bf10bdd68,
        type: 3}
      propertyPath: m_LocalRotation.x
      value: -0
      objectReference: {fileID: 0}
    - target: {fileID: 3481620141291086395, guid: 2b0fea1f217074341959ce3bf10bdd68,
        type: 3}
      propertyPath: m_LocalRotation.y
      value: 0.07022458
      objectReference: {fileID: 0}
    - target: {fileID: 3481620141291086395, guid: 2b0fea1f217074341959ce3bf10bdd68,
        type: 3}
      propertyPath: m_LocalRotation.z
      value: -0
      objectReference: {fileID: 0}
    - target: {fileID: 3481620141291086395, guid: 2b0fea1f217074341959ce3bf10bdd68,
        type: 3}
      propertyPath: m_LocalRotation.w
      value: 0.9975313
      objectReference: {fileID: 0}
    - target: {fileID: 3481620141291086395, guid: 2b0fea1f217074341959ce3bf10bdd68,
        type: 3}
      propertyPath: m_RootOrder
      value: 12
      objectReference: {fileID: 0}
    - target: {fileID: 3481620141291086395, guid: 2b0fea1f217074341959ce3bf10bdd68,
        type: 3}
      propertyPath: m_LocalEulerAnglesHint.x
      value: 0
      objectReference: {fileID: 0}
    - target: {fileID: 3481620141291086395, guid: 2b0fea1f217074341959ce3bf10bdd68,
        type: 3}
      propertyPath: m_LocalEulerAnglesHint.y
      value: 8.054001
      objectReference: {fileID: 0}
    - target: {fileID: 3481620141291086395, guid: 2b0fea1f217074341959ce3bf10bdd68,
        type: 3}
      propertyPath: m_LocalEulerAnglesHint.z
      value: 0
      objectReference: {fileID: 0}
    - target: {fileID: 3481620141291086395, guid: 2b0fea1f217074341959ce3bf10bdd68,
        type: 3}
      propertyPath: m_LocalScale.x
      value: 11.231
      objectReference: {fileID: 0}
    - target: {fileID: 3481620141291086395, guid: 2b0fea1f217074341959ce3bf10bdd68,
        type: 3}
      propertyPath: m_LocalScale.y
      value: 11.231
      objectReference: {fileID: 0}
    - target: {fileID: 3481620141291086395, guid: 2b0fea1f217074341959ce3bf10bdd68,
        type: 3}
      propertyPath: m_LocalScale.z
      value: 11.231
      objectReference: {fileID: 0}
    m_RemovedComponents: []
  m_SourcePrefab: {fileID: 100100000, guid: 2b0fea1f217074341959ce3bf10bdd68, type: 3}
--- !u!1 &1389511963
GameObject:
  m_ObjectHideFlags: 0
  m_CorrespondingSourceObject: {fileID: 0}
  m_PrefabInstance: {fileID: 0}
  m_PrefabAsset: {fileID: 0}
  serializedVersion: 6
  m_Component:
  - component: {fileID: 1389511964}
  - component: {fileID: 1389511967}
  - component: {fileID: 1389511966}
  - component: {fileID: 1389511965}
  - component: {fileID: 1389511968}
  m_Layer: 5
  m_Name: PlayButton
  m_TagString: Untagged
  m_Icon: {fileID: 0}
  m_NavMeshLayer: 0
  m_StaticEditorFlags: 0
  m_IsActive: 1
--- !u!224 &1389511964
RectTransform:
  m_ObjectHideFlags: 0
  m_CorrespondingSourceObject: {fileID: 0}
  m_PrefabInstance: {fileID: 0}
  m_PrefabAsset: {fileID: 0}
  m_GameObject: {fileID: 1389511963}
  m_LocalRotation: {x: -0, y: -0, z: -0, w: 1}
  m_LocalPosition: {x: 0, y: 0, z: 0}
  m_LocalScale: {x: 1, y: 1, z: 1}
  m_Children:
  - {fileID: 1575493486}
  m_Father: {fileID: 1058511505}
  m_RootOrder: 0
  m_LocalEulerAnglesHint: {x: 0, y: 0, z: 0}
  m_AnchorMin: {x: 0, y: 0}
  m_AnchorMax: {x: 0, y: 0}
  m_AnchoredPosition: {x: 0, y: 0}
  m_SizeDelta: {x: 0, y: 0}
  m_Pivot: {x: 0.5, y: 0.5}
--- !u!114 &1389511965
MonoBehaviour:
  m_ObjectHideFlags: 0
  m_CorrespondingSourceObject: {fileID: 0}
  m_PrefabInstance: {fileID: 0}
  m_PrefabAsset: {fileID: 0}
  m_GameObject: {fileID: 1389511963}
  m_Enabled: 1
  m_EditorHideFlags: 0
  m_Script: {fileID: 11500000, guid: 4e29b1a8efbd4b44bb3f3716e73f07ff, type: 3}
  m_Name: 
  m_EditorClassIdentifier: 
  m_Navigation:
    m_Mode: 3
    m_SelectOnUp: {fileID: 0}
    m_SelectOnDown: {fileID: 0}
    m_SelectOnLeft: {fileID: 0}
    m_SelectOnRight: {fileID: 0}
  m_Transition: 1
  m_Colors:
    m_NormalColor: {r: 0, g: 0, b: 0, a: 0.41960785}
    m_HighlightedColor: {r: 0.6603774, g: 0.6603774, b: 0.6603774, a: 0.59607846}
    m_PressedColor: {r: 0.78431374, g: 0.78431374, b: 0.78431374, a: 1}
    m_SelectedColor: {r: 0.9607843, g: 0.9607843, b: 0.9607843, a: 1}
    m_DisabledColor: {r: 0.78431374, g: 0.78431374, b: 0.78431374, a: 0.5019608}
    m_ColorMultiplier: 1
    m_FadeDuration: 0.1
  m_SpriteState:
    m_HighlightedSprite: {fileID: 0}
    m_PressedSprite: {fileID: 0}
    m_SelectedSprite: {fileID: 0}
    m_DisabledSprite: {fileID: 0}
  m_AnimationTriggers:
    m_NormalTrigger: Normal
    m_HighlightedTrigger: Highlighted
    m_PressedTrigger: Pressed
    m_SelectedTrigger: Selected
    m_DisabledTrigger: Disabled
  m_Interactable: 1
  m_TargetGraphic: {fileID: 1389511966}
  m_OnClick:
    m_PersistentCalls:
      m_Calls:
      - m_Target: {fileID: 607488670}
        m_MethodName: Play
        m_Mode: 1
        m_Arguments:
          m_ObjectArgument: {fileID: 0}
          m_ObjectArgumentAssemblyTypeName: UnityEngine.Object, UnityEngine
          m_IntArgument: 0
          m_FloatArgument: 0
          m_StringArgument: 
          m_BoolArgument: 0
        m_CallState: 2
--- !u!114 &1389511966
MonoBehaviour:
  m_ObjectHideFlags: 0
  m_CorrespondingSourceObject: {fileID: 0}
  m_PrefabInstance: {fileID: 0}
  m_PrefabAsset: {fileID: 0}
  m_GameObject: {fileID: 1389511963}
  m_Enabled: 1
  m_EditorHideFlags: 0
  m_Script: {fileID: 11500000, guid: fe87c0e1cc204ed48ad3b37840f39efc, type: 3}
  m_Name: 
  m_EditorClassIdentifier: 
  m_Material: {fileID: 0}
  m_Color: {r: 1, g: 1, b: 1, a: 1}
  m_RaycastTarget: 1
  m_OnCullStateChanged:
    m_PersistentCalls:
      m_Calls: []
  m_Sprite: {fileID: 10905, guid: 0000000000000000f000000000000000, type: 0}
  m_Type: 1
  m_PreserveAspect: 0
  m_FillCenter: 1
  m_FillMethod: 4
  m_FillAmount: 1
  m_FillClockwise: 1
  m_FillOrigin: 0
  m_UseSpriteMesh: 0
  m_PixelsPerUnitMultiplier: 1
--- !u!222 &1389511967
CanvasRenderer:
  m_ObjectHideFlags: 0
  m_CorrespondingSourceObject: {fileID: 0}
  m_PrefabInstance: {fileID: 0}
  m_PrefabAsset: {fileID: 0}
  m_GameObject: {fileID: 1389511963}
  m_CullTransparentMesh: 0
--- !u!114 &1389511968
MonoBehaviour:
  m_ObjectHideFlags: 0
  m_CorrespondingSourceObject: {fileID: 0}
  m_PrefabInstance: {fileID: 0}
  m_PrefabAsset: {fileID: 0}
  m_GameObject: {fileID: 1389511963}
  m_Enabled: 1
  m_EditorHideFlags: 0
  m_Script: {fileID: 11500000, guid: 306cc8c2b49d7114eaa3623786fc2126, type: 3}
  m_Name: 
  m_EditorClassIdentifier: 
  m_IgnoreLayout: 0
  m_MinWidth: -1
  m_MinHeight: -1
  m_PreferredWidth: -1
  m_PreferredHeight: -1
  m_FlexibleWidth: -1
  m_FlexibleHeight: -1
  m_LayoutPriority: 1
--- !u!1001 &1503566430
PrefabInstance:
  m_ObjectHideFlags: 0
  serializedVersion: 2
  m_Modification:
    m_TransformParent: {fileID: 0}
    m_Modifications:
    - target: {fileID: 2170861190397512531, guid: 6b8c7a997b792514aa4c9f2714e9fcc6,
        type: 3}
      propertyPath: m_Name
      value: Commerce
      objectReference: {fileID: 0}
    - target: {fileID: 2410988094062474767, guid: 6b8c7a997b792514aa4c9f2714e9fcc6,
        type: 3}
      propertyPath: m_LocalPosition.x
      value: -33.7
      objectReference: {fileID: 0}
    - target: {fileID: 2410988094062474767, guid: 6b8c7a997b792514aa4c9f2714e9fcc6,
        type: 3}
      propertyPath: m_LocalPosition.y
      value: 6.4
      objectReference: {fileID: 0}
    - target: {fileID: 2410988094062474767, guid: 6b8c7a997b792514aa4c9f2714e9fcc6,
        type: 3}
      propertyPath: m_LocalPosition.z
      value: -30.7
      objectReference: {fileID: 0}
    - target: {fileID: 2410988094062474767, guid: 6b8c7a997b792514aa4c9f2714e9fcc6,
        type: 3}
      propertyPath: m_LocalRotation.x
      value: -0
      objectReference: {fileID: 0}
    - target: {fileID: 2410988094062474767, guid: 6b8c7a997b792514aa4c9f2714e9fcc6,
        type: 3}
      propertyPath: m_LocalRotation.y
      value: -0.9445531
      objectReference: {fileID: 0}
    - target: {fileID: 2410988094062474767, guid: 6b8c7a997b792514aa4c9f2714e9fcc6,
        type: 3}
      propertyPath: m_LocalRotation.z
      value: -0
      objectReference: {fileID: 0}
    - target: {fileID: 2410988094062474767, guid: 6b8c7a997b792514aa4c9f2714e9fcc6,
        type: 3}
      propertyPath: m_LocalRotation.w
      value: 0.32835904
      objectReference: {fileID: 0}
    - target: {fileID: 2410988094062474767, guid: 6b8c7a997b792514aa4c9f2714e9fcc6,
        type: 3}
      propertyPath: m_RootOrder
      value: 3
      objectReference: {fileID: 0}
    - target: {fileID: 2410988094062474767, guid: 6b8c7a997b792514aa4c9f2714e9fcc6,
        type: 3}
      propertyPath: m_LocalEulerAnglesHint.x
      value: 0
      objectReference: {fileID: 0}
    - target: {fileID: 2410988094062474767, guid: 6b8c7a997b792514aa4c9f2714e9fcc6,
        type: 3}
      propertyPath: m_LocalEulerAnglesHint.y
      value: -141.662
      objectReference: {fileID: 0}
    - target: {fileID: 2410988094062474767, guid: 6b8c7a997b792514aa4c9f2714e9fcc6,
        type: 3}
      propertyPath: m_LocalEulerAnglesHint.z
      value: 0
      objectReference: {fileID: 0}
    - target: {fileID: 2410988094062474767, guid: 6b8c7a997b792514aa4c9f2714e9fcc6,
        type: 3}
      propertyPath: m_LocalScale.x
      value: 10.113
      objectReference: {fileID: 0}
    - target: {fileID: 2410988094062474767, guid: 6b8c7a997b792514aa4c9f2714e9fcc6,
        type: 3}
      propertyPath: m_LocalScale.y
      value: 10.113
      objectReference: {fileID: 0}
    - target: {fileID: 2410988094062474767, guid: 6b8c7a997b792514aa4c9f2714e9fcc6,
        type: 3}
      propertyPath: m_LocalScale.z
      value: 10.113
      objectReference: {fileID: 0}
    m_RemovedComponents: []
  m_SourcePrefab: {fileID: 100100000, guid: 6b8c7a997b792514aa4c9f2714e9fcc6, type: 3}
--- !u!1 &1575493485
GameObject:
  m_ObjectHideFlags: 0
  m_CorrespondingSourceObject: {fileID: 0}
  m_PrefabInstance: {fileID: 0}
  m_PrefabAsset: {fileID: 0}
  serializedVersion: 6
  m_Component:
  - component: {fileID: 1575493486}
  - component: {fileID: 1575493488}
  - component: {fileID: 1575493487}
  m_Layer: 5
  m_Name: Text
  m_TagString: Untagged
  m_Icon: {fileID: 0}
  m_NavMeshLayer: 0
  m_StaticEditorFlags: 0
  m_IsActive: 1
--- !u!224 &1575493486
RectTransform:
  m_ObjectHideFlags: 0
  m_CorrespondingSourceObject: {fileID: 0}
  m_PrefabInstance: {fileID: 0}
  m_PrefabAsset: {fileID: 0}
  m_GameObject: {fileID: 1575493485}
  m_LocalRotation: {x: -0, y: -0, z: -0, w: 1}
  m_LocalPosition: {x: 0, y: 0, z: 0}
  m_LocalScale: {x: 1, y: 1, z: 1}
  m_Children: []
  m_Father: {fileID: 1389511964}
  m_RootOrder: 0
  m_LocalEulerAnglesHint: {x: 0, y: 0, z: 0}
  m_AnchorMin: {x: 0, y: 0}
  m_AnchorMax: {x: 1, y: 1}
  m_AnchoredPosition: {x: 0, y: 0}
  m_SizeDelta: {x: 0, y: 0}
  m_Pivot: {x: 0.5, y: 0.5}
--- !u!114 &1575493487
MonoBehaviour:
  m_ObjectHideFlags: 0
  m_CorrespondingSourceObject: {fileID: 0}
  m_PrefabInstance: {fileID: 0}
  m_PrefabAsset: {fileID: 0}
  m_GameObject: {fileID: 1575493485}
  m_Enabled: 1
  m_EditorHideFlags: 0
  m_Script: {fileID: 11500000, guid: 5f7201a12d95ffc409449d95f23cf332, type: 3}
  m_Name: 
  m_EditorClassIdentifier: 
  m_Material: {fileID: 0}
  m_Color: {r: 1, g: 1, b: 1, a: 1}
  m_RaycastTarget: 1
  m_OnCullStateChanged:
    m_PersistentCalls:
      m_Calls: []
  m_FontData:
    m_Font: {fileID: 12800000, guid: c9548196e4ff58e4b92c5ec768674843, type: 3}
    m_FontSize: 27
    m_FontStyle: 0
    m_BestFit: 0
    m_MinSize: 0
    m_MaxSize: 200
    m_Alignment: 4
    m_AlignByGeometry: 0
    m_RichText: 1
    m_HorizontalOverflow: 0
    m_VerticalOverflow: 0
    m_LineSpacing: 1
  m_Text: Play
--- !u!222 &1575493488
CanvasRenderer:
  m_ObjectHideFlags: 0
  m_CorrespondingSourceObject: {fileID: 0}
  m_PrefabInstance: {fileID: 0}
  m_PrefabAsset: {fileID: 0}
  m_GameObject: {fileID: 1575493485}
  m_CullTransparentMesh: 0
--- !u!1001 &1762298507
PrefabInstance:
  m_ObjectHideFlags: 0
  serializedVersion: 2
  m_Modification:
    m_TransformParent: {fileID: 0}
    m_Modifications:
    - target: {fileID: 1082215448773746535, guid: 2b0fea1f217074341959ce3bf10bdd68,
        type: 3}
      propertyPath: m_Name
      value: Factory (1)
      objectReference: {fileID: 0}
    - target: {fileID: 3481620141291086395, guid: 2b0fea1f217074341959ce3bf10bdd68,
        type: 3}
      propertyPath: m_LocalPosition.x
      value: 49.7
      objectReference: {fileID: 0}
    - target: {fileID: 3481620141291086395, guid: 2b0fea1f217074341959ce3bf10bdd68,
        type: 3}
      propertyPath: m_LocalPosition.y
      value: 5.3
      objectReference: {fileID: 0}
    - target: {fileID: 3481620141291086395, guid: 2b0fea1f217074341959ce3bf10bdd68,
        type: 3}
      propertyPath: m_LocalPosition.z
      value: 77.5
      objectReference: {fileID: 0}
    - target: {fileID: 3481620141291086395, guid: 2b0fea1f217074341959ce3bf10bdd68,
        type: 3}
      propertyPath: m_LocalRotation.x
      value: -0
      objectReference: {fileID: 0}
    - target: {fileID: 3481620141291086395, guid: 2b0fea1f217074341959ce3bf10bdd68,
        type: 3}
      propertyPath: m_LocalRotation.y
      value: 0.61511976
      objectReference: {fileID: 0}
    - target: {fileID: 3481620141291086395, guid: 2b0fea1f217074341959ce3bf10bdd68,
        type: 3}
      propertyPath: m_LocalRotation.z
      value: -0
      objectReference: {fileID: 0}
    - target: {fileID: 3481620141291086395, guid: 2b0fea1f217074341959ce3bf10bdd68,
        type: 3}
      propertyPath: m_LocalRotation.w
      value: 0.78843373
      objectReference: {fileID: 0}
    - target: {fileID: 3481620141291086395, guid: 2b0fea1f217074341959ce3bf10bdd68,
        type: 3}
      propertyPath: m_RootOrder
      value: 11
      objectReference: {fileID: 0}
    - target: {fileID: 3481620141291086395, guid: 2b0fea1f217074341959ce3bf10bdd68,
        type: 3}
      propertyPath: m_LocalEulerAnglesHint.x
      value: 0
      objectReference: {fileID: 0}
    - target: {fileID: 3481620141291086395, guid: 2b0fea1f217074341959ce3bf10bdd68,
        type: 3}
      propertyPath: m_LocalEulerAnglesHint.y
      value: 75.921005
      objectReference: {fileID: 0}
    - target: {fileID: 3481620141291086395, guid: 2b0fea1f217074341959ce3bf10bdd68,
        type: 3}
      propertyPath: m_LocalEulerAnglesHint.z
      value: 0
      objectReference: {fileID: 0}
    - target: {fileID: 3481620141291086395, guid: 2b0fea1f217074341959ce3bf10bdd68,
        type: 3}
      propertyPath: m_LocalScale.x
      value: 11.231
      objectReference: {fileID: 0}
    - target: {fileID: 3481620141291086395, guid: 2b0fea1f217074341959ce3bf10bdd68,
        type: 3}
      propertyPath: m_LocalScale.y
      value: 11.231
      objectReference: {fileID: 0}
    - target: {fileID: 3481620141291086395, guid: 2b0fea1f217074341959ce3bf10bdd68,
        type: 3}
      propertyPath: m_LocalScale.z
      value: 11.231
      objectReference: {fileID: 0}
    m_RemovedComponents: []
  m_SourcePrefab: {fileID: 100100000, guid: 2b0fea1f217074341959ce3bf10bdd68, type: 3}
--- !u!1 &1793965933
GameObject:
  m_ObjectHideFlags: 0
  m_CorrespondingSourceObject: {fileID: 0}
  m_PrefabInstance: {fileID: 0}
  m_PrefabAsset: {fileID: 0}
  serializedVersion: 6
  m_Component:
  - component: {fileID: 1793965936}
  - component: {fileID: 1793965935}
  - component: {fileID: 1793965934}
  m_Layer: 0
  m_Name: EventSystem
  m_TagString: Untagged
  m_Icon: {fileID: 0}
  m_NavMeshLayer: 0
  m_StaticEditorFlags: 0
  m_IsActive: 1
--- !u!114 &1793965934
MonoBehaviour:
  m_ObjectHideFlags: 0
  m_CorrespondingSourceObject: {fileID: 0}
  m_PrefabInstance: {fileID: 0}
  m_PrefabAsset: {fileID: 0}
  m_GameObject: {fileID: 1793965933}
  m_Enabled: 1
  m_EditorHideFlags: 0
  m_Script: {fileID: 11500000, guid: 4f231c4fb786f3946a6b90b886c48677, type: 3}
  m_Name: 
  m_EditorClassIdentifier: 
  m_HorizontalAxis: Horizontal
  m_VerticalAxis: Vertical
  m_SubmitButton: Submit
  m_CancelButton: Cancel
  m_InputActionsPerSecond: 10
  m_RepeatDelay: 0.5
  m_ForceModuleActive: 0
--- !u!114 &1793965935
MonoBehaviour:
  m_ObjectHideFlags: 0
  m_CorrespondingSourceObject: {fileID: 0}
  m_PrefabInstance: {fileID: 0}
  m_PrefabAsset: {fileID: 0}
  m_GameObject: {fileID: 1793965933}
  m_Enabled: 1
  m_EditorHideFlags: 0
  m_Script: {fileID: 11500000, guid: 76c392e42b5098c458856cdf6ecaaaa1, type: 3}
  m_Name: 
  m_EditorClassIdentifier: 
  m_FirstSelected: {fileID: 0}
  m_sendNavigationEvents: 1
  m_DragThreshold: 10
--- !u!4 &1793965936
Transform:
  m_ObjectHideFlags: 0
  m_CorrespondingSourceObject: {fileID: 0}
  m_PrefabInstance: {fileID: 0}
  m_PrefabAsset: {fileID: 0}
  m_GameObject: {fileID: 1793965933}
  m_LocalRotation: {x: 0, y: 0, z: 0, w: 1}
  m_LocalPosition: {x: 0, y: 0, z: 0}
  m_LocalScale: {x: 1, y: 1, z: 1}
  m_Children: []
  m_Father: {fileID: 0}
  m_RootOrder: 4
  m_LocalEulerAnglesHint: {x: 0, y: 0, z: 0}
--- !u!1 &1820255623
GameObject:
  m_ObjectHideFlags: 0
  m_CorrespondingSourceObject: {fileID: 0}
  m_PrefabInstance: {fileID: 0}
  m_PrefabAsset: {fileID: 0}
  serializedVersion: 6
  m_Component:
  - component: {fileID: 1820255625}
  - component: {fileID: 1820255624}
  m_Layer: 8
  m_Name: PostProcessVolume
  m_TagString: Untagged
  m_Icon: {fileID: 0}
  m_NavMeshLayer: 0
  m_StaticEditorFlags: 0
  m_IsActive: 1
--- !u!114 &1820255624
MonoBehaviour:
  m_ObjectHideFlags: 0
  m_CorrespondingSourceObject: {fileID: 0}
  m_PrefabInstance: {fileID: 0}
  m_PrefabAsset: {fileID: 0}
  m_GameObject: {fileID: 1820255623}
  m_Enabled: 1
  m_EditorHideFlags: 0
  m_Script: {fileID: 11500000, guid: 8b9a305e18de0c04dbd257a21cd47087, type: 3}
  m_Name: 
  m_EditorClassIdentifier: 
  sharedProfile: {fileID: 11400000, guid: ab45843c8f0155746befca527f6ed199, type: 2}
  isGlobal: 1
  blendDistance: 0
  weight: 1
  priority: 0
--- !u!4 &1820255625
Transform:
  m_ObjectHideFlags: 0
  m_CorrespondingSourceObject: {fileID: 0}
  m_PrefabInstance: {fileID: 0}
  m_PrefabAsset: {fileID: 0}
  m_GameObject: {fileID: 1820255623}
  m_LocalRotation: {x: 0, y: 0, z: 0, w: 1}
  m_LocalPosition: {x: 0, y: 0, z: 0}
  m_LocalScale: {x: 1, y: 1, z: 1}
  m_Children: []
  m_Father: {fileID: 0}
  m_RootOrder: 8
  m_LocalEulerAnglesHint: {x: 0, y: 0, z: 0}
--- !u!1 &1944292598
GameObject:
  m_ObjectHideFlags: 0
  m_CorrespondingSourceObject: {fileID: 0}
  m_PrefabInstance: {fileID: 0}
  m_PrefabAsset: {fileID: 0}
  serializedVersion: 6
  m_Component:
  - component: {fileID: 1944292599}
  - component: {fileID: 1944292601}
  - component: {fileID: 1944292600}
  m_Layer: 5
  m_Name: Text
  m_TagString: Untagged
  m_Icon: {fileID: 0}
  m_NavMeshLayer: 0
  m_StaticEditorFlags: 0
  m_IsActive: 1
--- !u!224 &1944292599
RectTransform:
  m_ObjectHideFlags: 0
  m_CorrespondingSourceObject: {fileID: 0}
  m_PrefabInstance: {fileID: 0}
  m_PrefabAsset: {fileID: 0}
  m_GameObject: {fileID: 1944292598}
  m_LocalRotation: {x: -0, y: -0, z: -0, w: 1}
  m_LocalPosition: {x: 0, y: 0, z: 0}
  m_LocalScale: {x: 1, y: 1, z: 1}
  m_Children: []
  m_Father: {fileID: 659472524}
  m_RootOrder: 0
  m_LocalEulerAnglesHint: {x: 0, y: 0, z: 0}
  m_AnchorMin: {x: 0, y: 0}
  m_AnchorMax: {x: 1, y: 1}
  m_AnchoredPosition: {x: 0, y: 0}
  m_SizeDelta: {x: 0, y: 0}
  m_Pivot: {x: 0.5, y: 0.5}
--- !u!114 &1944292600
MonoBehaviour:
  m_ObjectHideFlags: 0
  m_CorrespondingSourceObject: {fileID: 0}
  m_PrefabInstance: {fileID: 0}
  m_PrefabAsset: {fileID: 0}
  m_GameObject: {fileID: 1944292598}
  m_Enabled: 1
  m_EditorHideFlags: 0
  m_Script: {fileID: 11500000, guid: 5f7201a12d95ffc409449d95f23cf332, type: 3}
  m_Name: 
  m_EditorClassIdentifier: 
  m_Material: {fileID: 0}
  m_Color: {r: 1, g: 1, b: 1, a: 1}
  m_RaycastTarget: 1
  m_OnCullStateChanged:
    m_PersistentCalls:
      m_Calls: []
  m_FontData:
    m_Font: {fileID: 12800000, guid: c9548196e4ff58e4b92c5ec768674843, type: 3}
    m_FontSize: 27
    m_FontStyle: 0
    m_BestFit: 0
    m_MinSize: 0
    m_MaxSize: 200
    m_Alignment: 4
    m_AlignByGeometry: 0
    m_RichText: 1
    m_HorizontalOverflow: 0
    m_VerticalOverflow: 0
    m_LineSpacing: 1
  m_Text: Quit
--- !u!222 &1944292601
CanvasRenderer:
  m_ObjectHideFlags: 0
  m_CorrespondingSourceObject: {fileID: 0}
  m_PrefabInstance: {fileID: 0}
  m_PrefabAsset: {fileID: 0}
  m_GameObject: {fileID: 1944292598}
  m_CullTransparentMesh: 0
--- !u!1001 &2009415867
PrefabInstance:
  m_ObjectHideFlags: 0
  serializedVersion: 2
  m_Modification:
    m_TransformParent: {fileID: 0}
    m_Modifications:
    - target: {fileID: 1564593199772958454, guid: 67df43c44de8aa0408d7ae445799ceb7,
        type: 3}
      propertyPath: m_Name
      value: House (1)
      objectReference: {fileID: 0}
    - target: {fileID: 1564593199772958455, guid: 67df43c44de8aa0408d7ae445799ceb7,
        type: 3}
      propertyPath: m_LocalPosition.x
      value: -35.8
      objectReference: {fileID: 0}
    - target: {fileID: 1564593199772958455, guid: 67df43c44de8aa0408d7ae445799ceb7,
        type: 3}
      propertyPath: m_LocalPosition.y
      value: 6.6
      objectReference: {fileID: 0}
    - target: {fileID: 1564593199772958455, guid: 67df43c44de8aa0408d7ae445799ceb7,
        type: 3}
      propertyPath: m_LocalPosition.z
      value: 25.3
      objectReference: {fileID: 0}
    - target: {fileID: 1564593199772958455, guid: 67df43c44de8aa0408d7ae445799ceb7,
        type: 3}
      propertyPath: m_LocalRotation.x
      value: -0
      objectReference: {fileID: 0}
    - target: {fileID: 1564593199772958455, guid: 67df43c44de8aa0408d7ae445799ceb7,
        type: 3}
      propertyPath: m_LocalRotation.y
      value: 0.38720125
      objectReference: {fileID: 0}
    - target: {fileID: 1564593199772958455, guid: 67df43c44de8aa0408d7ae445799ceb7,
        type: 3}
      propertyPath: m_LocalRotation.z
      value: -0
      objectReference: {fileID: 0}
    - target: {fileID: 1564593199772958455, guid: 67df43c44de8aa0408d7ae445799ceb7,
        type: 3}
      propertyPath: m_LocalRotation.w
      value: 0.9219953
      objectReference: {fileID: 0}
    - target: {fileID: 1564593199772958455, guid: 67df43c44de8aa0408d7ae445799ceb7,
        type: 3}
      propertyPath: m_RootOrder
      value: 9
      objectReference: {fileID: 0}
    - target: {fileID: 1564593199772958455, guid: 67df43c44de8aa0408d7ae445799ceb7,
        type: 3}
      propertyPath: m_LocalEulerAnglesHint.x
      value: 0
      objectReference: {fileID: 0}
    - target: {fileID: 1564593199772958455, guid: 67df43c44de8aa0408d7ae445799ceb7,
        type: 3}
      propertyPath: m_LocalEulerAnglesHint.y
      value: 45.561
      objectReference: {fileID: 0}
    - target: {fileID: 1564593199772958455, guid: 67df43c44de8aa0408d7ae445799ceb7,
        type: 3}
      propertyPath: m_LocalEulerAnglesHint.z
      value: 0
      objectReference: {fileID: 0}
    - target: {fileID: 1564593199772958455, guid: 67df43c44de8aa0408d7ae445799ceb7,
        type: 3}
      propertyPath: m_LocalScale.x
      value: 7.5536
      objectReference: {fileID: 0}
    - target: {fileID: 1564593199772958455, guid: 67df43c44de8aa0408d7ae445799ceb7,
        type: 3}
      propertyPath: m_LocalScale.y
      value: 7.5536
      objectReference: {fileID: 0}
    - target: {fileID: 1564593199772958455, guid: 67df43c44de8aa0408d7ae445799ceb7,
        type: 3}
      propertyPath: m_LocalScale.z
      value: 7.5536
      objectReference: {fileID: 0}
    m_RemovedComponents: []
  m_SourcePrefab: {fileID: 100100000, guid: 67df43c44de8aa0408d7ae445799ceb7, type: 3}
